2090 2607
113 184 188 218 hoc
219 183 647 227 stipatumtribunal,
679 188 802 229 atque
833 185 955 220 etiam
985 195 1034 219 ex
1065 185 1275 228 superiore
1306 185 1503 220 basilicae
1534 186 1653 227 parte
1685 192 1763 227 qua
1794 182 1969 216 feminae

114 253 192 288 qua
218 243 298 278 viri
325 246 365 278 et
392 244 598 286 audiendi,
625 246 730 290 quod
756 248 845 281 erat
871 245 1063 286 difficile,
1091 248 1143 286 et,
1176 246 1280 289 quod
1307 245 1443 286 facile,
1475 244 1639 280 visendi
1671 243 1808 278 studio
1842 242 1967 276 immi-

112 304 271 339 nebant.
324 304 475 349 Magna
502 306 760 350 exspectatio
787 309 963 350 patrum,
990 316 1135 350 magna
1152 305 1348 347 filiarum,
1376 316 1519 350 magna
1546 305 1668 340 etiam
1686 313 1966 340 novercarum.

271 364 483 400 Gentumviri
507 376 583 402 cum
609 377 653 401 ex
677 376 884 411 unaquaque
911 367 1003 401 tribu
1029 366 1119 401 terni
1146 369 1353 406 crearentur,
1386 367 1483 400 initio
1511 369 1611 400 erant
1638 368 1769 400 centum
1796 365 1967 410 93111936,-

113 425 321 468 temporibus
348 425 591 468 imperatorum
617 427 713 462 aucti
736 429 823 467 swnt,
852 427 944 471 quod
970 426 1077 461 multo
1103 426 1218 469 plures
1246 427 1397 461 actiones
1424 426 1698 461 intendebantur.

267 485 345 519 Etsi
371 486 596 526 ‚,advocatus“
621 487 713 521 Plini
739 489 891 530 tempore
917 487 1006 520 idem
1031 486 1202 529 significat
1228 487 1318 529 quod
1345 487 1439 528 prius
1466 497 1599 526 „causae
1619 487 1822 530 patronus‘2
1851 488 1966 518 tamen

113 544 306 587 appositum
338 545 544 580 adiectivum
574 545 732 590 „inqens“
763 546 879 587 efficit,
910 548 950 580 ut
981 546 1217 590 intellegamus
1250 556 1373 586 omnes,
1410 545 1468 589 qui
1500 546 1646 580 aderant
1677 547 1780 588 atque
1812 544 1965 587 ipsorum

113 604 318 646 praesentia,
345 605 415 638 utri
441 605 587 639 maxime
614 606 705 648 parti
732 606 901 646 faverent,
931 606 1112 639 ostendere
1139 606 1329 647 cupiebant.

272 664 350 707 Qua
376 683 426 688 —
453 675 533 709 qua.
585 665 810 708 Copulativae
836 665 1028 708 particulae
1055 665 1359 707 correspondentes
1386 675 1455 709 qua
1482 684 1531 688 —
1558 675 1636 709 qua,
1663 674 1733 698 non
1750 664 1894 698 multum
1921 664 1965 697 ab

114 725 144 759 et
170 743 219 747 —
246 726 278 758 et
304 724 482 765 distantes,
510 725 646 769 singula
672 726 840 760 vocabula
866 725 1086 769 coniungunt,
1114 725 1234 759 veluti:
1274 735 1340 768 qua
1366 725 1542 759 nobilitate
1574 725 1686 768 gentis
1714 734 1782 768 qua
1810 725 1964 767 corporis

114 784 349 827 magnitudine
377 781 503 832 (Liv.);
544 805 593 810 —
621 795 689 830 qua
716 786 878 829 corporis,
921 795 989 829 qua
1021 785 1124 819 animi
1155 785 1259 819 robur
1292 782 1384 831 (Val.
1411 783 1527 832 Max),
1567 805 1618 808 ——
1658 794 1726 828 qua
1756 784 1868 819 virum
1896 793 1964 828 (1113

113 853 255 878 uxorem
282 845 317 879 di
344 856 406 880 vos
432 846 579 888 perdant
606 843 773 894 (Plaut.);
801 867 851 870 —
879 856 947 890 qua
974 846 1130 880 dominus
1158 856 1225 889 qua
1252 846 1411 880 advocati
1439 842 1556 892 (Cic.);
1583 865 1633 869 —-
1662 845 1774 879 omnia
1793 845 1964 879 convestit

113 905 242 939 hedera
268 915 336 948 qua
362 906 470 940 basim
497 907 599 941 villae
627 915 695 950 (1113
721 907 982 941 intercolumnia
1009 903 1123 953 (Cic).
1152 926 1201 930 —

267 965 409 1000 Maximi
441 967 600 1001 momenti
633 969 694 1007 est,
732 967 822 1010 quod
858 967 903 1001 ad
938 967 1199 1001 centumviralia
1229 967 1353 1001 iudicia
1390 967 1522 1007 attinet,
1557 966 1624 1001 Cic.
1662 966 1702 1000 de
1733 968 1821 1000 orat.
1853 967 1871 1000 I
1898 966 1964 1000 38.-

117 1025 227 1067 ,,Ν3111
254 1025 400 1059 volitare
418 1026 453 1059 in
480 1026 565 1066 foro,
593 1026 734 1060 haerere
752 1026 789 1060 in
815 1026 888 1060 iure
916 1036 957 1060 ac
973 1029 1171 1068 praetorum
1189 1026 1425 1066 tribunalibus,
1452 1026 1578 1060 iudicia
1595 1025 1734 1068 privata
1760 1035 1964 1069 magnarum

112 1094 227 1119 rerum
254 1085 357 1126 obire,
384 1085 420 1119 in
447 1086 567 1129 quibus
595 1095 697 1129 saepe
729 1096 798 1120 non
825 1087 866 1120 de
899 1086 1002 1126 facto,
1035 1087 1095 1121 sed
1122 1087 1163 1120 de
1196 1086 1368 1130 aequitate
1399 1096 1440 1120 ac
1469 1086 1543 1120 iure
1574 1088 1735 1126 certetur,
1766 1086 1898 1120 iactare
1926 1096 1963 1120 se

113 1144 148 1178 in
175 1145 288 1179 causis
316 1146 626 1186 centumviralibus,
653 1146 690 1179 in
717 1146 839 1189 quibus
857 1146 1112 1188 usucapionum,
1140 1147 1332 1186 tutelarum,
1356 1146 1595 1189 gentilitatum,
1614 1145 1847 1189 agnationum,
1875 1145 1963 1180 allu-

114 1204 262 1246 vionum,
289 1205 600 1246 circumluvionum,
627 1215 801 1247 nexorum,
820 1206 1075 1249 mancipiorum,
1102 1205 1280 1249 parietum,
1302 1206 1472 1246 luminum,
1491 1205 1750 1245 stillicidiorum,
1778 1208 1962 1239 testamen-

115 1267 228 1298 torum
256 1267 513 1308 ceterarumque
541 1276 655 1300 rerum
685 1266 980 1300 innumerabilium
1010 1266 1088 1300 iura
1115 1270 1304 1306 versentur,
1346 1276 1421 1300 cum
1447 1266 1590 1306 omnino,
1623 1265 1704 1309 quid
1732 1275 1839 1305 suum,
1880 1266 1964 1309 quid

113 1323 269 1365 alienum,
297 1334 404 1368 quare
422 1325 566 1369 denique
594 1325 679 1360 civis
707 1328 768 1359 aut
785 1325 996 1369 peregrinus,
1024 1336 1145 1361 servus
1173 1329 1233 1360 aut
1258 1317 1343 1360 liber
1368 1325 1536 1369 quispiam
1563 1326 1617 1366 sit,
1645 1325 1790 1369 ignoret,
1818 1325 1963 1369 insignis

113 1387 167 1418 est
191 1384 453 1428 impudentiae.“
511 1385 645 1420 Iudices
673 1386 947 1427 centumvirales,
980 1396 1001 1420 a
1033 1386 1154 1430 quibus
1186 1396 1253 1420 non
1285 1386 1351 1420 nisi
1382 1386 1622 1429 imperatorem
1648 1386 1759 1429 ipsum
1787 1386 1962 1429 appellare

112 1444 246 1485 licebat,
287 1445 436 1479 fortasse
467 1456 535 1479 non
574 1446 687 1488 inepte
719 1446 912 1488 comparari
952 1456 1053 1488 posse
1085 1447 1244 1480 videntur
1283 1456 1357 1479 cum
1389 1446 1555 1479 iudicibus
1596 1446 1729 1488 imperii
1757 1447 1962 1485 Germanici,

109 1513 214 1546 penes
242 1514 327 1548 quos
355 1514 485 1538 summa
503 1504 692 1539 iurisdictio
720 1507 788 1538 est:
816 1504 971 1549 intellegi
998 1505 1086 1539 enim
1113 1505 1191 1540 volo
1211 1505 1396 1539 tribunalia
1423 1505 1545 1549 quibus
1573 1515 1695 1539 nomen
1722 1508 1775 1539 est
1797 1505 1962 1548 „Reichs-

109 1564 275 1608 gericht.“
332 1565 458 1599 Confer
483 1565 628 1610 Zumpt:
658 1557 774 1607 „Uber
801 1566 993 1609 Ursprung,
1020 1566 1125 1600 Form
1152 1567 1221 1599 und
1238 1566 1442 1609 Bedeutung
1468 1566 1527 1599 des
1555 1565 1963 1609 Centumviralgerichtes

110 1620 245 1670 (Berlin
274 1624 425 1672 1838);“
458 1625 660 1660 Schneider:
690 1626 765 1668 „De
798 1626 929 1670 origine
961 1625 1217 1660 centumviralis
1248 1625 1363 1659 iudicii
1397 1622 1569 1671 (Rostock
1603 1623 1734 1672 1855);
1764 1637 1793 1660 v.
1826 1625 1963 1661 Keller:

113 1684 335 1726 „Romischer
361 1686 587 1728 Civilp'rocess
614 1682 666 1731 (3.
694 1685 849 1729 Auflage,
876 1686 1028 1729 Leipzig,
1060 1684 1209 1732 1863).“

262 1744 394 1778 Plinius
422 1744 481 1788 qui
499 1746 534 1778 et
560 1744 804 1778 disertissimus
832 1747 867 1778 et
886 1744 1100 1788 eloquentiae
1126 1744 1238 1788 gloria
1264 1744 1433 1778 excellens
1453 1746 1537 1784 erat,
1564 1754 1626 1787 per
1652 1754 1784 1778 omnem
1811 1748 1962 1779 aetatem

108 1813 231 1838 causas
258 1804 330 1848 egit
356 1807 427 1839 tam
453 1804 489 1838 in
508 1807 630 1839 senatu
656 1804 819 1839 clariores
847 1807 882 1839 et
900 1805 1091 1845 nobiliores,
1120 1814 1221 1848 quam
1247 1804 1339 1847 apud
1358 1804 1586 1839 centumviros
1613 1804 1789 1847 plurimas,
1817 1815 1962 1849 quorum

106 1862 233 1898 iudicia
260 1874 357 1899 suam
382 1864 547 1899 harenam
573 1866 676 1900 vocat
702 1860 770 1911 (VI
799 1864 855 1905 12,
890 1863 940 1912 2),
974 1865 1040 1900 etsi
1072 1864 1333 1899 centumvitales
1366 1874 1489 1899 causas
1521 1874 1623 1908 saepe
1657 1865 1701 1899 ab
1733 1865 1871 1910 ingenio
1900 1876 1962 1901 suo

106 1924 324 1968 moribusque
364 1926 549 1960 abhorrere
589 1927 624 1959 et
650 1926 693 1959 ab
722 1925 987 1961 adulescentulis
1029 1926 1181 1960 obscuris
1218 1935 1279 1960 suo
1312 1929 1465 1969 tempore
1504 1925 1681 1969 profanari
1712 1926 1733 1960 l.
1767 1927 1804 1961 Π
1831 1937 1883 1970 ep.
1914 1928 1961 1962 14

106 1984 260 2019 Maximo
288 1995 350 2019 suo
377 1986 536 2020 dedicata
563 1985 725 2028 queritur.

89 2042 92 2047 '
264 2046 452 2088 „Verum“
486 2046 605 2091 inquit,
641 2045 863 2088 „opinarisz
906 2046 1130 2090 distringor
1166 2046 1530 2081 centumviralibus
1575 2046 1711 2081 causis
1749 2057 1851 2090 quae
1900 2057 1958 2081 me

106 2108 299 2139 exercent
325 2106 454 2150 magis
481 2116 597 2150 quam
619 2106 840 2140 delectant.
894 2106 994 2141 Sunt
1021 2106 1122 2140 enim
1148 2107 1384 2150 plerumque
1406 2116 1560 2150 parvae
1586 2109 1625 2140 et
1652 2107 1796 2142 exiles.
1852 2108 1960 2142 Raro

104 2163 253 2199 incidit
292 2166 359 2201 vel
397 2176 661 2209 personarum
700 2166 889 2200 claritate
928 2166 994 2201 vel
1032 2166 1188 2210 negotii
1227 2167 1509 2210 magnitudine
1548 2166 1735 2210 insignis.
1790 2168 1849 2201 Ad
1888 2167 1962 2202 hoc

104 2225 228 2266 pauci
255 2235 339 2259 cum
366 2226 512 2269 quibus
538 2226 652 2261 iuvet
679 2226 827 2260 dicere:
856 2226 984 2260 ceteri
1011 2227 1187 2261 audaces
1215 2223 1252 2272 (i.
1278 2237 1306 2261 e.
1325 2224 1498 2273 protem)
1526 2230 1648 2270 atque
1667 2227 1790 2261 etiam
1817 2237 1963 2271 magna

105 2293 152 2318 ex
178 2289 296 2331 parte
329 2286 636 2320 adulescentuli
668 2286 832 2321 obscuri
863 2286 913 2321 ad
945 2286 1247 2321 declamandum
1274 2286 1349 2320 huc
1381 2285 1653 2326 transierunt,
1686 2288 1768 2321 tam
1799 2287 1962 2322 inreve-

103 2347 242 2380 renter
269 2348 309 2380 et
335 2348 500 2388 temere,
531 2349 576 2382 ut
606 2346 702 2381 mihi
732 2347 887 2382 Atilius
917 2349 1057 2382 noster
1088 2356 1283 2390 expresse
1314 2343 1353 2392 (i.
1385 2356 1415 2380 e.
1447 2345 1542 2394 apte)
1579 2346 1735 2382 dixisse
1772 2347 1964 2383 videatur

104 2404 161 2439 sic
187 2405 228 2439 in
254 2406 344 2440 foro
362 2416 510 2449 pueros
538 2417 559 2441 a
578 2407 944 2442 centumviralibus
972 2407 1107 2442 causis
1131 2406 1353 2449 auspicari,
1380 2409 1424 2440 ut
1451 2407 1500 2440 ab
1526 2407 1703 2442 Homero
1730 2408 1770 2442 in
1799 2408 1962 2442 scholis.

103 2463 202 2499 Nam
228 2465 294 2500 hic
321 2476 492 2515 quoque,
519 2469 563 2501 ut
589 2467 694 2508 illic,
721 2467 889 2511 primum
916 2467 1052 2512 coepit
1077 2477 1166 2502 esse
1193 2467 1297 2512 quod
1323 2467 1536 2510 maximum
1563 2469 1661 2503 est.“
