<?xml version="1.0" encoding="UTF-8"?>
<!DOCTYPE html PUBLIC "-//W3C//DTD XHTML 1.0 Transitional//EN"
    "http://www.w3.org/TR/xhtml1/DTD/xhtml1-transitional.dtd">
<html xmlns="http://www.w3.org/1999/xhtml" xml:lang="en" lang="en">
 <head>
  <title>
</title>
<meta http-equiv="Content-Type" content="text/html;charset=utf-8" />
  <meta name='ocr-system' content='tesseract 3.04.00' />
  <meta name='ocr-capabilities' content='ocr_page ocr_carea ocr_par ocr_line ocrx_word'/>
</head>
<body>
  <div class='ocr_page' id='page_1' title='image "./4626146_0020.png"; bbox 0 0 2090 2607; ppageno 0'>
   <div class='ocr_carea' id='block_1_1' title="bbox 995 61 1041 94">
    <p class='ocr_par' dir='ltr' id='par_1_1' title="bbox 995 61 1041 94">
     <span class='ocr_line' id='line_1_1' title="bbox 995 61 1041 94; baseline 0 0"><span class='ocrx_word' id='word_1_1' title='bbox 995 61 1041 94; x_wconf 89' lang='grc'>12</span> 
     </span>
    </p>
   </div>
   <div class='ocr_carea' id='block_1_2' title="bbox 915 109 1120 112">
    <p class='ocr_par' dir='ltr' id='par_1_2' title="bbox 915 109 1120 112">
     <span class='ocr_line' id='line_1_2' title="bbox 915 109 1120 112; baseline 0 0"><span class='ocrx_word' id='word_1_2' title='bbox 915 109 1120 112; x_wconf 95' lang='lat' dir='ltr'> </span> 
     </span>
    </p>
   </div>
   <div class='ocr_carea' id='block_1_3' title="bbox 77 178 1946 2512">
    <p class='ocr_par' dir='ltr' id='par_1_3' title="bbox 87 178 1945 285">
     <span class='ocr_line' id='line_1_3' title="bbox 241 178 1945 224; baseline -0.001 -9"><span class='ocrx_word' id='word_1_3' title='bbox 241 180 505 220; x_wconf 71' lang='lat' dir='ltr'>Adulescemuli,</span> <span class='ocrx_word' id='word_1_4' title='bbox 547 180 604 224; x_wconf 91' lang='lat' dir='ltr'>qui</span> <span class='ocrx_word' id='word_1_5' title='bbox 638 180 751 214; x_wconf 89' lang='lat' dir='ltr'>adhuc</span> <span class='ocrx_word' id='word_1_6' title='bbox 782 180 818 214; x_wconf 93' lang='lat' dir='ltr'>in</span> <span class='ocrx_word' id='word_1_7' title='bbox 859 181 1053 215; x_wconf 89' lang='lat' dir='ltr'>scholarum</span> <span class='ocrx_word' id='word_1_8' title='bbox 1085 179 1292 214; x_wconf 84' lang='lat' dir='ltr'><strong>umbraculis</strong></span> <span class='ocrx_word' id='word_1_9' title='bbox 1322 178 1358 212; x_wconf 92' lang='lat' dir='ltr'>in</span> <span class='ocrx_word' id='word_1_10' title='bbox 1398 178 1701 213; x_wconf 74' lang='lat' dir='ltr'><strong>declamationibus</strong></span> <span class='ocrx_word' id='word_1_11' title='bbox 1728 179 1945 214; x_wconf 82' lang='lat' dir='ltr'>elaborandis</span> 
     </span>
     <span class='ocr_line' id='line_1_4' title="bbox 87 228 1592 285; baseline 0 -11"><span class='ocrx_word' id='word_1_12' title='bbox 87 228 295 276; x_wconf 79' lang='lat' dir='ltr'>desudarent</span> <span class='ocrx_word' id='word_1_13' title='bbox 323 242 513 283; x_wconf 76' lang='lat' dir='ltr'>oportebat,</span> <span class='ocrx_word' id='word_1_14' title='bbox 540 241 652 275; x_wconf 92' lang='lat' dir='ltr'>Plinio</span> <span class='ocrx_word' id='word_1_15' title='bbox 680 241 762 276; x_wconf 89' lang='lat' dir='ltr'>vivo</span> <span class='ocrx_word' id='word_1_16' title='bbox 790 244 925 276; x_wconf 89' lang='lat' dir='ltr'>actores</span> <span class='ocrx_word' id='word_1_17' title='bbox 954 251 1135 276; x_wconf 88' lang='lat' dir='ltr'>causarum</span> <span class='ocrx_word' id='word_1_18' title='bbox 1162 240 1202 275; x_wconf 85' lang='lat' dir='ltr'>de</span> <span class='ocrx_word' id='word_1_19' title='bbox 1229 240 1306 274; x_wconf 84' lang='lat' dir='ltr'>iure</span> <span class='ocrx_word' id='word_1_20' title='bbox 1333 239 1592 285; x_wconf 73' lang='lat' dir='ltr'><strong><em>respondebant.</em></strong></span> 
     </span>
    </p>

    <p class='ocr_par' dir='ltr' id='par_1_4' title="bbox 86 298 1945 407">
     <span class='ocr_line' id='line_1_5' title="bbox 239 298 1945 348; baseline -0.001 -13"><span class='ocrx_word' id='word_1_21' title='bbox 239 300 367 335; x_wconf 78' lang='lat' dir='ltr'>Atilius</span> <span class='ocrx_word' id='word_1_22' title='bbox 391 300 555 335; x_wconf 81' lang='lat' dir='ltr'><em>Crescens</em></span> <span class='ocrx_word' id='word_1_23' title='bbox 583 298 651 346; x_wconf 91' lang='lat' dir='ltr'>(VI</span> <span class='ocrx_word' id='word_1_24' title='bbox 672 301 703 341; x_wconf 85' lang='grc'>8,</span> <span class='ocrx_word' id='word_1_25' title='bbox 735 299 773 348; x_wconf 88' lang='grc'>1)</span> <span class='ocrx_word' id='word_1_26' title='bbox 802 304 877 336; x_wconf 89' lang='lat' dir='ltr'>erat</span> <span class='ocrx_word' id='word_1_27' title='bbox 904 301 993 335; x_wconf 91' lang='lat' dir='ltr'>Plini</span> <span class='ocrx_word' id='word_1_28' title='bbox 1021 301 1254 340; x_wconf 89' lang='lat' dir='ltr'>amicissimus,</span> <span class='ocrx_word' id='word_1_29' title='bbox 1282 300 1377 334; x_wconf 90' lang='lat' dir='ltr'>cuius</span> <span class='ocrx_word' id='word_1_30' title='bbox 1395 300 1504 334; x_wconf 89' lang='lat' dir='ltr'>multa</span> <span class='ocrx_word' id='word_1_31' title='bbox 1530 303 1601 334; x_wconf 92' lang='lat' dir='ltr'>tum</span> <span class='ocrx_word' id='word_1_32' title='bbox 1620 300 1819 334; x_wconf 82' lang='lat' dir='ltr'>ferebantur</span> <span class='ocrx_word' id='word_1_33' title='bbox 1845 303 1945 334; x_wconf 85' lang='lat' dir='ltr'>acute</span> 
     </span>
     <span class='ocr_line' id='line_1_6' title="bbox 86 355 1941 407; baseline 0 -13"><span class='ocrx_word' id='word_1_34' title='bbox 86 361 179 395; x_wconf 84' lang='lat' dir='ltr'>dicta</span> <span class='ocrx_word' id='word_1_35' title='bbox 205 363 239 394; x_wconf 90' lang='lat' dir='ltr'>et</span> <span class='ocrx_word' id='word_1_36' title='bbox 266 360 441 403; x_wconf 81' lang='lat' dir='ltr'>sapienter</span> <span class='ocrx_word' id='word_1_37' title='bbox 467 370 644 403; x_wconf 87' lang='lat' dir='ltr'>responsa,</span> <span class='ocrx_word' id='word_1_38' title='bbox 671 363 726 395; x_wconf 89' lang='lat' dir='ltr'>ut:</span> <span class='ocrx_word' id='word_1_39' title='bbox 760 361 892 403; x_wconf 89' lang='lat' dir='ltr'>„satius</span> <span class='ocrx_word' id='word_1_40' title='bbox 920 364 973 395; x_wconf 91' lang='lat' dir='ltr'>est</span> <span class='ocrx_word' id='word_1_41' title='bbox 1000 362 1088 395; x_wconf 90' lang='lat' dir='ltr'>enim</span> <span class='ocrx_word' id='word_1_42' title='bbox 1107 360 1253 394; x_wconf 88' lang='lat' dir='ltr'>otiosum</span> <span class='ocrx_word' id='word_1_43' title='bbox 1280 369 1355 394; x_wconf 89' lang='lat' dir='ltr'>esse</span> <span class='ocrx_word' id='word_1_44' title='bbox 1382 369 1485 404; x_wconf 87' lang='lat' dir='ltr'>quam</span> <span class='ocrx_word' id='word_1_45' title='bbox 1510 360 1594 394; x_wconf 87' lang='lat' dir='ltr'>nihil</span> <span class='ocrx_word' id='word_1_46' title='bbox 1613 369 1717 403; x_wconf 86' lang='lat' dir='ltr'>agere</span> <span class='ocrx_word' id='word_1_47' title='bbox 1743 355 1778 406; x_wconf 88' lang='lat'>(1</span> <span class='ocrx_word' id='word_1_48' title='bbox 1805 359 1838 400; x_wconf 87' lang='lat'>9,</span> <span class='ocrx_word' id='word_1_49' title='bbox 1869 357 1941 407; x_wconf 85' lang='lat'>7).“</span> 
     </span>
    </p>

    <p class='ocr_par' dir='ltr' id='par_1_5' title="bbox 83 419 1946 828">
     <span class='ocr_line' id='line_1_7' title="bbox 241 419 1945 467; baseline 0 -13"><span class='ocrx_word' id='word_1_50' title='bbox 241 420 352 455; x_wconf 85' lang='lat' dir='ltr'>Pueri</span> <span class='ocrx_word' id='word_1_51' title='bbox 381 421 424 455; x_wconf 84' lang='lat' dir='ltr'>ab</span> <span class='ocrx_word' id='word_1_52' title='bbox 456 421 610 456; x_wconf 85' lang='lat' dir='ltr'>Homero</span> <span class='ocrx_word' id='word_1_53' title='bbox 644 421 680 455; x_wconf 93' lang='lat' dir='ltr'>in</span> <span class='ocrx_word' id='word_1_54' title='bbox 713 422 838 455; x_wconf 90' lang='lat' dir='ltr'>scholis</span> <span class='ocrx_word' id='word_1_55' title='bbox 869 422 1149 467; x_wconf 67' lang='lat' dir='ltr'>auspicabantur,</span> <span class='ocrx_word' id='word_1_56' title='bbox 1190 422 1227 454; x_wconf 89' lang='lat' dir='ltr'>ut</span> <span class='ocrx_word' id='word_1_57' title='bbox 1265 420 1413 454; x_wconf 90' lang='lat' dir='ltr'>omnium</span> <span class='ocrx_word' id='word_1_58' title='bbox 1443 429 1557 454; x_wconf 88' lang='lat' dir='ltr'>rerum</span> <span class='ocrx_word' id='word_1_59' title='bbox 1588 419 1736 462; x_wconf 89' lang='lat' dir='ltr'>imperiti</span> <span class='ocrx_word' id='word_1_60' title='bbox 1768 419 1945 454; x_wconf 86' lang='lat' dir='ltr'>cuiusdam</span> 
     </span>
     <span class='ocr_line' id='line_1_8' title="bbox 86 477 1941 528; baseline -0.001 -13"><span class='ocrx_word' id='word_1_61' title='bbox 86 481 250 524; x_wconf 90' lang='lat' dir='ltr'>rudisque</span> <span class='ocrx_word' id='word_1_62' title='bbox 278 484 368 515; x_wconf 88' lang='lat' dir='ltr'>esset</span> <span class='ocrx_word' id='word_1_63' title='bbox 402 481 545 522; x_wconf 90' lang='lat' dir='ltr'>nescire,</span> <span class='ocrx_word' id='word_1_64' title='bbox 586 481 720 522; x_wconf 80' lang='lat' dir='ltr'>„iratus</span> <span class='ocrx_word' id='word_1_65' title='bbox 754 481 878 517; x_wconf 78' lang='lat' dir='ltr'>Graiis</span> <span class='ocrx_word' id='word_1_66' title='bbox 911 484 1077 527; x_wconf 75' lang='lat' dir='ltr'>quantum</span> <span class='ocrx_word' id='word_1_67' title='bbox 1107 480 1277 516; x_wconf 74' lang='lat' dir='ltr'>nocuisset</span> <span class='ocrx_word' id='word_1_68' title='bbox 1306 479 1457 516; x_wconf 68' lang='lat' dir='ltr'>Achilles</span> <span class='ocrx_word' id='word_1_69' title='bbox 1490 477 1591 526; x_wconf 91' lang='lat' dir='ltr'>(Hor.</span> <span class='ocrx_word' id='word_1_70' title='bbox 1624 491 1675 524; x_wconf 90' lang='lat' dir='ltr'>ep.</span> <span class='ocrx_word' id='word_1_71' title='bbox 1707 480 1743 514; x_wconf 92' lang='lat' dir='ltr'>II</span> <span class='ocrx_word' id='word_1_72' title='bbox 1775 480 1808 521; x_wconf 86' lang='lat'>2,</span> <span class='ocrx_word' id='word_1_73' title='bbox 1841 478 1941 528; x_wconf 83' lang='lat'>42).“</span> 
     </span>
     <span class='ocr_line' id='line_1_9' title="bbox 84 541 1945 585; baseline -0.001 -10"><span class='ocrx_word' id='word_1_74' title='bbox 84 542 205 576; x_wconf 84' lang='lat' dir='ltr'>Liceat</span> <span class='ocrx_word' id='word_1_75' title='bbox 236 541 318 575; x_wconf 91' lang='lat' dir='ltr'>mihi</span> <span class='ocrx_word' id='word_1_76' title='bbox 350 541 476 575; x_wconf 86' lang='lat' dir='ltr'>afferre</span> <span class='ocrx_word' id='word_1_77' title='bbox 509 542 624 583; x_wconf 85' lang='lat' dir='ltr'>Quint.</span> <span class='ocrx_word' id='word_1_78' title='bbox 653 543 671 575; x_wconf 97' lang='lat' dir='ltr'>I</span> <span class='ocrx_word' id='word_1_79' title='bbox 700 543 732 582; x_wconf 88' lang='lat'>8,</span> <span class='ocrx_word' id='word_1_80' title='bbox 763 543 800 576; x_wconf 83' lang='lat'>5:</span> <span class='ocrx_word' id='word_1_81' title='bbox 847 543 1017 585; x_wconf 89' lang='lat' dir='ltr'>„Ideoque</span> <span class='ocrx_word' id='word_1_82' title='bbox 1050 542 1175 584; x_wconf 90' lang='lat' dir='ltr'>optime</span> <span class='ocrx_word' id='word_1_83' title='bbox 1206 541 1401 575; x_wconf 90' lang='lat' dir='ltr'>institutum</span> <span class='ocrx_word' id='word_1_84' title='bbox 1428 544 1490 581; x_wconf 89' lang='lat' dir='ltr'>est,</span> <span class='ocrx_word' id='word_1_85' title='bbox 1522 543 1562 574; x_wconf 91' lang='lat' dir='ltr'>ut</span> <span class='ocrx_word' id='word_1_86' title='bbox 1593 542 1636 575; x_wconf 92' lang='lat' dir='ltr'>ab</span> <span class='ocrx_word' id='word_1_87' title='bbox 1663 541 1813 575; x_wconf 86' lang='lat' dir='ltr'>Homero</span> <span class='ocrx_word' id='word_1_88' title='bbox 1841 544 1945 584; x_wconf 88' lang='lat' dir='ltr'>atque</span> 
     </span>
     <span class='ocr_line' id='line_1_10' title="bbox 83 600 1945 647; baseline 0 -12"><span class='ocrx_word' id='word_1_89' title='bbox 83 601 236 646; x_wconf 89' lang='lat' dir='ltr'>Vergilio</span> <span class='ocrx_word' id='word_1_90' title='bbox 263 601 365 636; x_wconf 92' lang='lat' dir='ltr'>lectio</span> <span class='ocrx_word' id='word_1_91' title='bbox 392 601 569 645; x_wconf 84' lang='lat' dir='ltr'>inciperet,</span> <span class='ocrx_word' id='word_1_92' title='bbox 597 612 804 646; x_wconf 87' lang='lat' dir='ltr'>quamquam</span> <span class='ocrx_word' id='word_1_93' title='bbox 836 603 881 637; x_wconf 88' lang='lat' dir='ltr'>ad</span> <span class='ocrx_word' id='word_1_94' title='bbox 913 602 1159 647; x_wconf 87' lang='lat' dir='ltr'>intellegendas</span> <span class='ocrx_word' id='word_1_95' title='bbox 1192 611 1309 636; x_wconf 87' lang='lat' dir='ltr'>eorum</span> <span class='ocrx_word' id='word_1_96' title='bbox 1339 601 1486 637; x_wconf 82' lang='lat' dir='ltr'>virtutes</span> <span class='ocrx_word' id='word_1_97' title='bbox 1517 600 1666 635; x_wconf 89' lang='lat' dir='ltr'>firmiore</span> <span class='ocrx_word' id='word_1_98' title='bbox 1703 600 1827 635; x_wconf 90' lang='lat' dir='ltr'>iudicio</span> <span class='ocrx_word' id='word_1_99' title='bbox 1860 610 1945 645; x_wconf 89' lang='lat' dir='ltr'>opus</span> 
     </span>
     <span class='ocr_line' id='line_1_11' title="bbox 83 662 1945 706; baseline -0.001 -11"><span class='ocrx_word' id='word_1_100' title='bbox 83 665 151 703; x_wconf 87' lang='lat' dir='ltr'>est;</span> <span class='ocrx_word' id='word_1_101' title='bbox 196 663 256 695; x_wconf 91' lang='lat' dir='ltr'>sed</span> <span class='ocrx_word' id='word_1_102' title='bbox 287 662 367 695; x_wconf 91' lang='lat' dir='ltr'>huic</span> <span class='ocrx_word' id='word_1_103' title='bbox 388 663 457 696; x_wconf 51' lang='lat' dir='ltr'>*rei</span> <span class='ocrx_word' id='word_1_104' title='bbox 491 665 650 705; x_wconf 81' lang='lat' dir='ltr'>superest</span> <span class='ocrx_word' id='word_1_105' title='bbox 677 666 821 705; x_wconf 86' lang='lat' dir='ltr'>tempus,</span> <span class='ocrx_word' id='word_1_106' title='bbox 863 673 972 706; x_wconf 90' lang='lat' dir='ltr'>neque</span> <span class='ocrx_word' id='word_1_107' title='bbox 1005 663 1092 696; x_wconf 88' lang='lat' dir='ltr'>enim</span> <span class='ocrx_word' id='word_1_108' title='bbox 1133 663 1237 695; x_wconf 90' lang='lat' dir='ltr'>semel</span> <span class='ocrx_word' id='word_1_109' title='bbox 1267 662 1434 705; x_wconf 87' lang='lat' dir='ltr'>legentur.</span> <span class='ocrx_word' id='word_1_110' title='bbox 1488 662 1630 695; x_wconf 86' lang='lat' dir='ltr'>Interim</span> <span class='ocrx_word' id='word_1_111' title='bbox 1664 664 1698 694; x_wconf 90' lang='lat' dir='ltr'>et</span> <span class='ocrx_word' id='word_1_112' title='bbox 1736 662 1945 695; x_wconf 85' lang='lat' dir='ltr'>sublimitate</span> 
     </span>
     <span class='ocr_line' id='line_1_12' title="bbox 83 721 1946 766; baseline 0 -11"><span class='ocrx_word' id='word_1_113' title='bbox 83 721 211 756; x_wconf 84' lang='lat' dir='ltr'>heroici</span> <span class='ocrx_word' id='word_1_114' title='bbox 244 721 406 756; x_wconf 85' lang='lat' dir='ltr'>carminis</span> <span class='ocrx_word' id='word_1_115' title='bbox 448 722 582 756; x_wconf 92' lang='lat' dir='ltr'>animus</span> <span class='ocrx_word' id='word_1_116' title='bbox 624 725 788 766; x_wconf 83' lang='lat' dir='ltr'>assurgat</span> <span class='ocrx_word' id='word_1_117' title='bbox 829 725 863 756; x_wconf 91' lang='lat' dir='ltr'>et</span> <span class='ocrx_word' id='word_1_118' title='bbox 895 732 937 757; x_wconf 89' lang='lat' dir='ltr'>ex</span> <span class='ocrx_word' id='word_1_119' title='bbox 977 721 1211 766; x_wconf 84' lang='lat' dir='ltr'>magnitudine</span> <span class='ocrx_word' id='word_1_120' title='bbox 1251 730 1365 755; x_wconf 89' lang='lat' dir='ltr'>rerum</span> <span class='ocrx_word' id='word_1_121' title='bbox 1406 721 1563 765; x_wconf 90' lang='lat' dir='ltr'>spiritum</span> <span class='ocrx_word' id='word_1_122' title='bbox 1603 721 1707 755; x_wconf 89' lang='lat' dir='ltr'>ducat</span> <span class='ocrx_word' id='word_1_123' title='bbox 1746 723 1781 755; x_wconf 88' lang='lat' dir='ltr'>et</span> <span class='ocrx_word' id='word_1_124' title='bbox 1808 721 1946 765; x_wconf 89' lang='lat' dir='ltr'>optimis</span> 
     </span>
     <span class='ocr_line' id='line_1_13' title="bbox 83 783 1942 828; baseline 0.001 -13"><span class='ocrx_word' id='word_1_125' title='bbox 83 783 288 817; x_wconf 86' lang='lat' dir='ltr'>imbuatur.“</span> <span class='ocrx_word' id='word_1_126' title='bbox 1939 825 1942 828; x_wconf 18' lang='grc' dir='ltr'><strong>Δ</strong></span> 
     </span>
    </p>

    <p class='ocr_par' dir='ltr' id='par_1_6' title="bbox 82 841 1945 1297">
     <span class='ocr_line' id='line_1_14' title="bbox 243 841 1944 886; baseline 0 -10"><span class='ocrx_word' id='word_1_127' title='bbox 243 842 366 884; x_wconf 90' lang='lat' dir='ltr'>„Illos</span> <span class='ocrx_word' id='word_1_128' title='bbox 395 843 683 876; x_wconf 84' lang='lat' dir='ltr'>adulescentes</span> <span class='ocrx_word' id='word_1_129' title='bbox 711 843 911 876; x_wconf 87' lang='lat' dir='ltr'>audaces“</span> <span class='ocrx_word' id='word_1_130' title='bbox 934 842 1048 886; x_wconf 89' lang='lat' dir='ltr'>pergit</span> <span class='ocrx_word' id='word_1_131' title='bbox 1066 842 1207 882; x_wconf 89' lang='lat' dir='ltr'>Plinius,</span> <span class='ocrx_word' id='word_1_132' title='bbox 1240 844 1487 885; x_wconf 78' lang='lat' dir='ltr'>„sequuntur</span> <span class='ocrx_word' id='word_1_133' title='bbox 1505 841 1717 875; x_wconf 87' lang='lat' dir='ltr'>auditores</span> <span class='ocrx_word' id='word_1_134' title='bbox 1736 841 1944 876; x_wconf 86' lang='lat' dir='ltr'>actoribus</span> 
     </span>
     <span class='ocr_line' id='line_1_15' title="bbox 84 901 1945 946; baseline -0.001 -10"><span class='ocrx_word' id='word_1_135' title='bbox 84 902 253 943; x_wconf 77' lang='lat' dir='ltr'>similes,</span> <span class='ocrx_word' id='word_1_136' title='bbox 282 903 473 937; x_wconf 88' lang='lat' dir='ltr'>conducti</span> <span class='ocrx_word' id='word_1_137' title='bbox 494 906 533 937; x_wconf 90' lang='lat' dir='ltr'>et</span> <span class='ocrx_word' id='word_1_138' title='bbox 551 903 765 946; x_wconf 86' lang='lat' dir='ltr'>redempti:</span> <span class='ocrx_word' id='word_1_139' title='bbox 794 913 980 946; x_wconf 86' lang='lat' dir='ltr'>manceps</span> <span class='ocrx_word' id='word_1_140' title='bbox 1005 902 1262 937; x_wconf 83' lang='lat' dir='ltr'>convenitur:</span> <span class='ocrx_word' id='word_1_141' title='bbox 1290 902 1330 935; x_wconf 93' lang='lat' dir='ltr'>in</span> <span class='ocrx_word' id='word_1_142' title='bbox 1357 901 1488 936; x_wconf 86' lang='lat' dir='ltr'>media</span> <span class='ocrx_word' id='word_1_143' title='bbox 1511 901 1686 936; x_wconf 87' lang='lat' dir='ltr'>basilica</span> <span class='ocrx_word' id='word_1_144' title='bbox 1709 904 1788 936; x_wconf 85' lang='lat' dir='ltr'>tam</span> <span class='ocrx_word' id='word_1_145' title='bbox 1812 902 1945 945; x_wconf 87' lang='lat' dir='ltr'>palam</span> 
     </span>
     <span class='ocr_line' id='line_1_16' title="bbox 83 961 1942 1006; baseline 0 -10"><span class='ocrx_word' id='word_1_146' title='bbox 83 963 296 1004; x_wconf 83' lang='lat' dir='ltr'>sportulae</span> <span class='ocrx_word' id='word_1_147' title='bbox 324 973 440 1006; x_wconf 89' lang='lat' dir='ltr'>quam</span> <span class='ocrx_word' id='word_1_148' title='bbox 467 963 507 996; x_wconf 92' lang='lat' dir='ltr'>in</span> <span class='ocrx_word' id='word_1_149' title='bbox 535 963 718 996; x_wconf 90' lang='lat' dir='ltr'>triclinio</span> <span class='ocrx_word' id='word_1_150' title='bbox 748 963 910 997; x_wconf 87' lang='lat' dir='ltr'>dantur:</span> <span class='ocrx_word' id='word_1_151' title='bbox 940 973 987 996; x_wconf 87' lang='lat' dir='ltr'>ex</span> <span class='ocrx_word' id='word_1_152' title='bbox 1014 962 1165 996; x_wconf 85' lang='lat' dir='ltr'>iudicio</span> <span class='ocrx_word' id='word_1_153' title='bbox 1192 962 1231 995; x_wconf 92' lang='lat' dir='ltr'>in</span> <span class='ocrx_word' id='word_1_154' title='bbox 1262 961 1454 996; x_wconf 91' lang='lat' dir='ltr'>iudicium</span> <span class='ocrx_word' id='word_1_155' title='bbox 1482 961 1571 1004; x_wconf 84' lang='lat' dir='ltr'>pari</span> <span class='ocrx_word' id='word_1_156' title='bbox 1597 962 1780 995; x_wconf 83' lang='lat' dir='ltr'>mercede</span> <span class='ocrx_word' id='word_1_157' title='bbox 1807 965 1942 996; x_wconf 90' lang='lat' dir='ltr'>trans-</span> 
     </span>
     <span class='ocr_line' id='line_1_17' title="bbox 82 1019 1944 1069; baseline 0 -13"><span class='ocrx_word' id='word_1_158' title='bbox 82 1023 177 1057; x_wconf 88' lang='lat' dir='ltr'>itur.</span> <span class='ocrx_word' id='word_1_159' title='bbox 237 1023 336 1057; x_wconf 88' lang='lat' dir='ltr'>Inde</span> <span class='ocrx_word' id='word_1_160' title='bbox 373 1023 451 1058; x_wconf 93' lang='lat' dir='ltr'>iam</span> <span class='ocrx_word' id='word_1_161' title='bbox 489 1034 566 1058; x_wconf 92' lang='lat' dir='ltr'>non</span> <span class='ocrx_word' id='word_1_162' title='bbox 604 1023 802 1057; x_wconf 89' lang='lat' dir='ltr'>inurbane</span> <span class='ocrx_word' id='word_1_163' title='bbox 851 1025 1089 1066; x_wconf 76' lang='grc' dir='ltr'><strong><em>Σοφοκλεῖς</em></strong></span> <span class='ocrx_word' id='word_1_164' title='bbox 1136 1019 1462 1069; x_wconf 89' lang='lat' dir='ltr'>(Bravoklatscher)</span> <span class='ocrx_word' id='word_1_165' title='bbox 1498 1025 1699 1057; x_wconf 87' lang='lat' dir='ltr'>vocantur</span> <span class='ocrx_word' id='word_1_166' title='bbox 1740 1021 1833 1061; x_wconf 78' lang='grc' dir='ltr'><em>(ἀπὸ</em></span> <span class='ocrx_word' id='word_1_167' title='bbox 1873 1024 1944 1056; x_wconf 77' lang='grc' dir='ltr'>τοῦ</span> 
     </span>
     <span class='ocr_line' id='line_1_18' title="bbox 84 1079 1944 1129; baseline 0.001 -14"><span class='ocrx_word' id='word_1_168' title='bbox 84 1085 218 1126; x_wconf 80' lang='grc' dir='ltr'><strong><em>σοφῶς</em></strong></span> <span class='ocrx_word' id='word_1_169' title='bbox 263 1087 332 1116; x_wconf 75' lang='grc' dir='ltr'>καὶ</span> <span class='ocrx_word' id='word_1_170' title='bbox 381 1085 658 1122; x_wconf 65' lang='grc' dir='ltr'><strong><em>καλεΐοθαι);</em></strong></span> <span class='ocrx_word' id='word_1_171' title='bbox 702 1083 843 1117; x_wconf 89' lang='lat' dir='ltr'>iisdem</span> <span class='ocrx_word' id='word_1_172' title='bbox 875 1083 1043 1117; x_wconf 90' lang='lat' dir='ltr'>latinum</span> <span class='ocrx_word' id='word_1_173' title='bbox 1075 1093 1215 1116; x_wconf 89' lang='lat' dir='ltr'>nomen</span> <span class='ocrx_word' id='word_1_174' title='bbox 1242 1082 1472 1129; x_wconf 87' lang='lat' dir='ltr'>impositum</span> <span class='ocrx_word' id='word_1_175' title='bbox 1504 1085 1566 1116; x_wconf 88' lang='lat' dir='ltr'>est</span> <span class='ocrx_word' id='word_1_176' title='bbox 1596 1082 1800 1116; x_wconf 90' lang='lat' dir='ltr'>laudiceni</span> <span class='ocrx_word' id='word_1_177' title='bbox 1838 1079 1944 1127; x_wconf 90' lang='lat' dir='ltr'>(Lob-</span> 
     </span>
     <span class='ocr_line' id='line_1_19' title="bbox 83 1140 1943 1190; baseline 0 -14"><span class='ocrx_word' id='word_1_178' title='bbox 83 1140 210 1190; x_wconf 69' lang='lat' dir='ltr'>gaste).</span> <span class='ocrx_word' id='word_1_179' title='bbox 265 1143 319 1176; x_wconf 90' lang='lat' dir='ltr'>Et</span> <span class='ocrx_word' id='word_1_180' title='bbox 351 1145 486 1177; x_wconf 90' lang='lat' dir='ltr'>tamen</span> <span class='ocrx_word' id='word_1_181' title='bbox 527 1143 679 1177; x_wconf 88' lang='lat' dir='ltr'>crescit</span> <span class='ocrx_word' id='word_1_182' title='bbox 718 1143 758 1176; x_wconf 91' lang='lat' dir='ltr'>in</span> <span class='ocrx_word' id='word_1_183' title='bbox 791 1143 876 1177; x_wconf 89' lang='lat' dir='ltr'>dies</span> <span class='ocrx_word' id='word_1_184' title='bbox 916 1142 1093 1176; x_wconf 88' lang='lat' dir='ltr'>foeditas</span> <span class='ocrx_word' id='word_1_185' title='bbox 1135 1145 1307 1186; x_wconf 86' lang='lat' dir='ltr'>utraque</span> <span class='ocrx_word' id='word_1_186' title='bbox 1347 1142 1486 1186; x_wconf 91' lang='lat' dir='ltr'>lingua</span> <span class='ocrx_word' id='word_1_187' title='bbox 1517 1145 1676 1177; x_wconf 89' lang='lat' dir='ltr'>notata.</span> <span class='ocrx_word' id='word_1_188' title='bbox 1729 1143 1836 1177; x_wconf 90' lang='lat' dir='ltr'>Here</span> <span class='ocrx_word' id='word_1_189' title='bbox 1868 1143 1943 1176; x_wconf 92' lang='lat' dir='ltr'>duo</span> 
     </span>
     <span class='ocr_line' id='line_1_20' title="bbox 84 1199 1942 1248; baseline 0 -12"><span class='ocrx_word' id='word_1_190' title='bbox 84 1203 410 1236; x_wconf 87' lang='lat' dir='ltr'>nomenclatores</span> <span class='ocrx_word' id='word_1_191' title='bbox 450 1203 525 1236; x_wconf 90' lang='lat' dir='ltr'>mei</span> <span class='ocrx_word' id='word_1_192' title='bbox 566 1203 697 1236; x_wconf 90' lang='lat' dir='ltr'>ternis</span> <span class='ocrx_word' id='word_1_193' title='bbox 740 1203 922 1236; x_wconf 89' lang='lat' dir='ltr'>denariis</span> <span class='ocrx_word' id='word_1_194' title='bbox 971 1199 1091 1247; x_wconf 87' lang='lat' dir='ltr'>(Mark</span> <span class='ocrx_word' id='word_1_195' title='bbox 1134 1200 1235 1248; x_wconf 65' lang='lat'>240)</span> <span class='ocrx_word' id='word_1_196' title='bbox 1282 1203 1330 1236; x_wconf 87' lang='lat' dir='ltr'>ad</span> <span class='ocrx_word' id='word_1_197' title='bbox 1371 1203 1615 1236; x_wconf 85' lang='lat' dir='ltr'>laudandum</span> <span class='ocrx_word' id='word_1_198' title='bbox 1661 1202 1942 1236; x_wconf 88' lang='lat' dir='ltr'>trahebantur.</span> 
     </span>
     <span class='ocr_line' id='line_1_21' title="bbox 83 1262 904 1297; baseline 0 -1"><span class='ocrx_word' id='word_1_199' title='bbox 83 1262 208 1296; x_wconf 88' lang='lat' dir='ltr'>Tanti</span> <span class='ocrx_word' id='word_1_200' title='bbox 236 1265 377 1296; x_wconf 89' lang='lat' dir='ltr'>contat</span> <span class='ocrx_word' id='word_1_201' title='bbox 404 1266 448 1296; x_wconf 92' lang='lat' dir='ltr'>ut</span> <span class='ocrx_word' id='word_1_202' title='bbox 476 1263 533 1297; x_wconf 89' lang='lat' dir='ltr'>sis</span> <span class='ocrx_word' id='word_1_203' title='bbox 562 1262 904 1296; x_wconf 83' lang='lat' dir='ltr'>disertissimus.“</span> 
     </span>
    </p>

    <p class='ocr_par' dir='ltr' id='par_1_7' title="bbox 80 1321 1944 1604">
     <span class='ocr_line' id='line_1_22' title="bbox 237 1321 1943 1365; baseline 0 -9"><span class='ocrx_word' id='word_1_204' title='bbox 237 1322 313 1356; x_wconf 91' lang='lat' dir='ltr'>Non</span> <span class='ocrx_word' id='word_1_205' title='bbox 342 1323 486 1356; x_wconf 88' lang='lat' dir='ltr'>deerant</span> <span class='ocrx_word' id='word_1_206' title='bbox 513 1323 653 1362; x_wconf 88' lang='lat' dir='ltr'>Romae,</span> <span class='ocrx_word' id='word_1_207' title='bbox 683 1322 805 1365; x_wconf 90' lang='lat' dir='ltr'>quibus</span> <span class='ocrx_word' id='word_1_208' title='bbox 833 1332 851 1355; x_wconf 86' lang='lat' dir='ltr'>e</span> <span class='ocrx_word' id='word_1_209' title='bbox 878 1332 915 1355; x_wconf 87' lang='lat' dir='ltr'>re</span> <span class='ocrx_word' id='word_1_210' title='bbox 943 1331 1017 1355; x_wconf 85' lang='lat' dir='ltr'>esse</span> <span class='ocrx_word' id='word_1_211' title='bbox 1044 1321 1220 1356; x_wconf 88' lang='lat' dir='ltr'>videretur</span> <span class='ocrx_word' id='word_1_212' title='bbox 1247 1324 1402 1356; x_wconf 86' lang='lat' dir='ltr'>oratores</span> <span class='ocrx_word' id='word_1_213' title='bbox 1430 1322 1586 1365; x_wconf 85' lang='lat' dir='ltr'>quamvis</span> <span class='ocrx_word' id='word_1_214' title='bbox 1614 1322 1801 1356; x_wconf 89' lang='lat' dir='ltr'>mediocres</span> <span class='ocrx_word' id='word_1_215' title='bbox 1820 1325 1943 1363; x_wconf 89' lang='lat' dir='ltr'>essent,</span> 
     </span>
     <span class='ocr_line' id='line_1_23' title="bbox 80 1381 1943 1426; baseline 0.001 -11"><span class='ocrx_word' id='word_1_216' title='bbox 80 1382 205 1424; x_wconf 89' lang='lat' dir='ltr'>plausu</span> <span class='ocrx_word' id='word_1_217' title='bbox 233 1384 267 1416; x_wconf 88' lang='lat' dir='ltr'>et</span> <span class='ocrx_word' id='word_1_218' title='bbox 294 1383 441 1417; x_wconf 86' lang='lat' dir='ltr'>clamore</span> <span class='ocrx_word' id='word_1_219' title='bbox 474 1383 646 1426; x_wconf 87' lang='lat' dir='ltr'>prosequi.</span> <span class='ocrx_word' id='word_1_220' title='bbox 701 1383 733 1416; x_wconf 91' lang='lat' dir='ltr'>A</span> <span class='ocrx_word' id='word_1_221' title='bbox 760 1382 971 1425; x_wconf 86' lang='lat' dir='ltr'>mancipibus</span> <span class='ocrx_word' id='word_1_222' title='bbox 1003 1381 1109 1416; x_wconf 88' lang='lat' dir='ltr'>ternis</span> <span class='ocrx_word' id='word_1_223' title='bbox 1137 1382 1286 1416; x_wconf 88' lang='lat' dir='ltr'>denariis</span> <span class='ocrx_word' id='word_1_224' title='bbox 1314 1382 1591 1416; x_wconf 87' lang='lat' dir='ltr'>conducebantur</span> <span class='ocrx_word' id='word_1_225' title='bbox 1618 1384 1652 1416; x_wconf 91' lang='lat' dir='ltr'>et</span> <span class='ocrx_word' id='word_1_226' title='bbox 1679 1382 1943 1423; x_wconf 85' lang='lat' dir='ltr'>redimebantur,</span> 
     </span>
     <span class='ocr_line' id='line_1_24' title="bbox 82 1441 1944 1488; baseline 0.001 -12"><span class='ocrx_word' id='word_1_227' title='bbox 82 1452 148 1485; x_wconf 92' lang='lat' dir='ltr'>quo</span> <span class='ocrx_word' id='word_1_228' title='bbox 167 1442 288 1485; x_wconf 89' lang='lat' dir='ltr'>pretio,</span> <span class='ocrx_word' id='word_1_229' title='bbox 316 1445 355 1477; x_wconf 92' lang='lat' dir='ltr'>ut</span> <span class='ocrx_word' id='word_1_230' title='bbox 373 1443 525 1478; x_wconf 90' lang='lat' dir='ltr'>infinitos</span> <span class='ocrx_word' id='word_1_231' title='bbox 545 1444 712 1477; x_wconf 86' lang='lat' dir='ltr'>clamores</span> <span class='ocrx_word' id='word_1_232' title='bbox 740 1443 850 1487; x_wconf 67' lang='lat' dir='ltr'>(eugye,</span> <span class='ocrx_word' id='word_1_233' title='bbox 879 1441 967 1481; x_wconf 78' lang='lat' dir='ltr'>belle,</span> <span class='ocrx_word' id='word_1_234' title='bbox 995 1442 1074 1476; x_wconf 77' lang='lat' dir='ltr'>bene</span> <span class='ocrx_word' id='word_1_235' title='bbox 1093 1444 1123 1476; x_wconf 78' lang='lat' dir='ltr'>et</span> <span class='ocrx_word' id='word_1_236' title='bbox 1143 1441 1338 1487; x_wconf 74' lang='lat' dir='ltr'>praeclare,</span> <span class='ocrx_word' id='word_1_237' title='bbox 1366 1453 1435 1477; x_wconf 79' lang='lat' dir='ltr'>uon</span> <span class='ocrx_word' id='word_1_238' title='bbox 1447 1445 1559 1488; x_wconf 78' lang='lat' dir='ltr'>potest</span> <span class='ocrx_word' id='word_1_239' title='bbox 1576 1442 1706 1483; x_wconf 83' lang='lat' dir='ltr'>melius,</span> <span class='ocrx_word' id='word_1_240' title='bbox 1735 1453 1754 1477; x_wconf 93' lang='lat' dir='ltr'>o</span> <span class='ocrx_word' id='word_1_241' title='bbox 1773 1443 1944 1478; x_wconf 77' lang='lat' dir='ltr'>hominem</span> 
     </span>
     <span class='ocr_line' id='line_1_25' title="bbox 84 1502 1944 1547; baseline 0.001 -11"><span class='ocrx_word' id='word_1_242' title='bbox 84 1503 279 1543; x_wconf 77' lang='lat' dir='ltr'>litteratum,</span> <span class='ocrx_word' id='word_1_243' title='bbox 309 1506 383 1545; x_wconf 81' lang='grc' dir='ltr'>φεῦ,</span> <span class='ocrx_word' id='word_1_244' title='bbox 414 1506 537 1546; x_wconf 82' lang='grc' dir='ltr'><em>σοφῶς,</em></span> <span class='ocrx_word' id='word_1_245' title='bbox 563 1502 695 1547; x_wconf 73' lang='grc' dir='ltr'><strong><em>ὀρθῶς)</em></strong></span> <span class='ocrx_word' id='word_1_246' title='bbox 723 1506 961 1542; x_wconf 86' lang='lat' dir='ltr'>commoveret,</span> <span class='ocrx_word' id='word_1_247' title='bbox 994 1503 1113 1546; x_wconf 90' lang='lat' dir='ltr'>ingens</span> <span class='ocrx_word' id='word_1_248' title='bbox 1142 1513 1268 1537; x_wconf 85' lang='lat' dir='ltr'>corona</span> <span class='ocrx_word' id='word_1_249' title='bbox 1295 1503 1527 1546; x_wconf 79' lang='lat' dir='ltr'>colligeretur3</span> <span class='ocrx_word' id='word_1_250' title='bbox 1559 1504 1734 1538; x_wconf 89' lang='lat' dir='ltr'>declarant</span> <span class='ocrx_word' id='word_1_251' title='bbox 1766 1504 1944 1544; x_wconf 81' lang='lat' dir='ltr'>Horatius,</span> 
     </span>
     <span class='ocr_line' id='line_1_26' title="bbox 85 1563 482 1604; baseline 0 -7"><span class='ocrx_word' id='word_1_252' title='bbox 85 1564 269 1604; x_wconf 89' lang='lat' dir='ltr'>Iuvenalis,</span> <span class='ocrx_word' id='word_1_253' title='bbox 297 1563 482 1598; x_wconf 88' lang='lat' dir='ltr'>Martialis.</span> 
     </span>
    </p>

    <p class='ocr_par' dir='ltr' id='par_1_8' title="bbox 82 1623 1943 1790">
     <span class='ocr_line' id='line_1_27' title="bbox 237 1623 1943 1668; baseline 0 -10"><span class='ocrx_word' id='word_1_254' title='bbox 237 1623 412 1668; x_wconf 77' lang='lat' dir='ltr'>Sportula.</span> <span class='ocrx_word' id='word_1_255' title='bbox 466 1624 505 1663; x_wconf 91' lang='lat' dir='ltr'>Ii,</span> <span class='ocrx_word' id='word_1_256' title='bbox 539 1624 596 1667; x_wconf 87' lang='lat' dir='ltr'>qui</span> <span class='ocrx_word' id='word_1_257' title='bbox 629 1624 663 1657; x_wconf 91' lang='lat' dir='ltr'>in</span> <span class='ocrx_word' id='word_1_258' title='bbox 697 1624 841 1659; x_wconf 88' lang='lat' dir='ltr'>divitum</span> <span class='ocrx_word' id='word_1_259' title='bbox 880 1623 1039 1657; x_wconf 87' lang='lat' dir='ltr'>clientela</span> <span class='ocrx_word' id='word_1_260' title='bbox 1076 1626 1183 1663; x_wconf 88' lang='lat' dir='ltr'>erant,</span> <span class='ocrx_word' id='word_1_261' title='bbox 1225 1623 1415 1666; x_wconf 87' lang='lat' dir='ltr'>antiquitus</span> <span class='ocrx_word' id='word_1_262' title='bbox 1457 1624 1501 1658; x_wconf 91' lang='lat' dir='ltr'>ad</span> <span class='ocrx_word' id='word_1_263' title='bbox 1533 1634 1651 1658; x_wconf 89' lang='lat' dir='ltr'>cenam</span> <span class='ocrx_word' id='word_1_264' title='bbox 1692 1624 1943 1668; x_wconf 82' lang='lat' dir='ltr'>invitabantur;</span> 
     </span>
     <span class='ocr_line' id='line_1_28' title="bbox 82 1682 1943 1728; baseline 0.001 -11"><span class='ocrx_word' id='word_1_265' title='bbox 82 1686 201 1725; x_wconf 88' lang='lat' dir='ltr'>postea</span> <span class='ocrx_word' id='word_1_266' title='bbox 228 1684 301 1718; x_wconf 91' lang='lat' dir='ltr'>loco</span> <span class='ocrx_word' id='word_1_267' title='bbox 331 1694 432 1718; x_wconf 80' lang='lat' dir='ltr'>cenae</span> <span class='ocrx_word' id='word_1_268' title='bbox 460 1683 571 1718; x_wconf 74' lang='lat' dir='ltr'>iustae</span> <span class='ocrx_word' id='word_1_269' title='bbox 599 1683 794 1728; x_wconf 75' lang='lat' dir='ltr'>sportulam</span> <span class='ocrx_word' id='word_1_270' title='bbox 814 1683 883 1718; x_wconf 77' lang='lat' dir='ltr'>cibo</span> <span class='ocrx_word' id='word_1_271' title='bbox 913 1682 1079 1727; x_wconf 77' lang='lat' dir='ltr'>refertam</span> <span class='ocrx_word' id='word_1_272' title='bbox 1099 1683 1311 1726; x_wconf 89' lang='lat' dir='ltr'>accipiebant</span> <span class='ocrx_word' id='word_1_273' title='bbox 1339 1686 1400 1718; x_wconf 90' lang='lat' dir='ltr'>aut</span> <span class='ocrx_word' id='word_1_274' title='bbox 1426 1684 1624 1727; x_wconf 86' lang='lat' dir='ltr'>plerumque</span> <span class='ocrx_word' id='word_1_275' title='bbox 1651 1683 1755 1719; x_wconf 81' lang='lat' dir='ltr'>denos</span> <span class='ocrx_word' id='word_1_276' title='bbox 1772 1684 1943 1719; x_wconf 79' lang='lat' dir='ltr'>sestertios</span> 
     </span>
     <span class='ocr_line' id='line_1_29' title="bbox 84 1742 1134 1790; baseline -0.001 -13"><span class='ocrx_word' id='word_1_277' title='bbox 84 1745 122 1783; x_wconf 79' lang='lat'>(2</span> <span class='ocrx_word' id='word_1_278' title='bbox 151 1742 283 1790; x_wconf 87' lang='lat' dir='ltr'>Mark),</span> <span class='ocrx_word' id='word_1_279' title='bbox 312 1754 399 1786; x_wconf 89' lang='lat' dir='ltr'>quae</span> <span class='ocrx_word' id='word_1_280' title='bbox 428 1744 514 1786; x_wconf 85' lang='lat' dir='ltr'>stips</span> <span class='ocrx_word' id='word_1_281' title='bbox 543 1744 620 1786; x_wconf 86' lang='lat' dir='ltr'>ipsa</span> <span class='ocrx_word' id='word_1_282' title='bbox 652 1744 853 1786; x_wconf 86' lang='lat' dir='ltr'>„sportula“</span> <span class='ocrx_word' id='word_1_283' title='bbox 884 1743 1134 1777; x_wconf 88' lang='lat' dir='ltr'>nominabatur.</span> 
     </span>
    </p>

    <p class='ocr_par' dir='ltr' id='par_1_9' title="bbox 83 1802 1944 2088">
     <span class='ocr_line' id='line_1_30' title="bbox 236 1802 1944 1847; baseline 0 -10"><span class='ocrx_word' id='word_1_284' title='bbox 236 1803 340 1838; x_wconf 84' lang='lat' dir='ltr'>Here.</span> <span class='ocrx_word' id='word_1_285' title='bbox 395 1804 621 1844; x_wconf 83' lang='lat' dir='ltr'>Quamobrem</span> <span class='ocrx_word' id='word_1_286' title='bbox 655 1804 821 1838; x_wconf 88' lang='lat' dir='ltr'>lecturam</span> <span class='ocrx_word' id='word_1_287' title='bbox 855 1803 1008 1837; x_wconf 90' lang='lat' dir='ltr'>codicum</span> <span class='ocrx_word' id='word_1_288' title='bbox 1040 1802 1185 1836; x_wconf 89' lang='lat' dir='ltr'>Medicei</span> <span class='ocrx_word' id='word_1_289' title='bbox 1222 1806 1256 1836; x_wconf 90' lang='lat' dir='ltr'>et</span> <span class='ocrx_word' id='word_1_290' title='bbox 1287 1803 1447 1837; x_wconf 88' lang='lat' dir='ltr'>Vaticani</span> <span class='ocrx_word' id='word_1_291' title='bbox 1489 1803 1612 1845; x_wconf 88' lang='lat' dir='ltr'>„here“</span> <span class='ocrx_word' id='word_1_292' title='bbox 1655 1813 1877 1847; x_wconf 74' lang='lat' dir='ltr'>aspernemur</span> <span class='ocrx_word' id='word_1_293' title='bbox 1908 1806 1944 1838; x_wconf 92' lang='lat' dir='ltr'>et</span> 
     </span>
     <span class='ocr_line' id='line_1_31' title="bbox 83 1860 1943 1911; baseline 0.001 -15"><span class='ocrx_word' id='word_1_294' title='bbox 83 1862 279 1903; x_wconf 84' lang='lat' dir='ltr'>refutemus,</span> <span class='ocrx_word' id='word_1_295' title='bbox 313 1873 381 1897; x_wconf 89' lang='lat' dir='ltr'>non</span> <span class='ocrx_word' id='word_1_296' title='bbox 414 1863 586 1907; x_wconf 81' lang='lat' dir='ltr'>intellego,</span> <span class='ocrx_word' id='word_1_297' title='bbox 618 1864 823 1907; x_wconf 88' lang='lat' dir='ltr'>praesertim</span> <span class='ocrx_word' id='word_1_298' title='bbox 857 1874 931 1898; x_wconf 89' lang='lat' dir='ltr'>cum</span> <span class='ocrx_word' id='word_1_299' title='bbox 965 1862 1194 1904; x_wconf 85' lang='lat' dir='ltr'>Quintilianus</span> <span class='ocrx_word' id='word_1_300' title='bbox 1228 1860 1262 1909; x_wconf 91' lang='lat' dir='ltr'>(I</span> <span class='ocrx_word' id='word_1_301' title='bbox 1297 1864 1327 1904; x_wconf 80' lang='lat'>7,</span> <span class='ocrx_word' id='word_1_302' title='bbox 1362 1861 1428 1911; x_wconf 80' lang='lat'>22)</span> <span class='ocrx_word' id='word_1_303' title='bbox 1461 1864 1603 1898; x_wconf 88' lang='lat' dir='ltr'>scribat:</span> <span class='ocrx_word' id='word_1_304' title='bbox 1645 1863 1760 1904; x_wconf 86' lang='lat' dir='ltr'>„Here</span> <span class='ocrx_word' id='word_1_305' title='bbox 1791 1874 1882 1898; x_wconf 90' lang='lat' dir='ltr'>nunc</span> <span class='ocrx_word' id='word_1_306' title='bbox 1912 1864 1943 1898; x_wconf 87' lang='grc' dir='ltr'>Ε</span> 
     </span>
     <span class='ocr_line' id='line_1_32' title="bbox 84 1923 1943 1967; baseline 0.002 -13"><span class='ocrx_word' id='word_1_307' title='bbox 84 1923 200 1956; x_wconf 83' lang='lat' dir='ltr'>littera</span> <span class='ocrx_word' id='word_1_308' title='bbox 232 1923 467 1957; x_wconf 87' lang='lat' dir='ltr'>terminamus:</span> <span class='ocrx_word' id='word_1_309' title='bbox 511 1928 548 1957; x_wconf 83' lang='lat' dir='ltr'>at</span> <span class='ocrx_word' id='word_1_310' title='bbox 582 1928 737 1958; x_wconf 86' lang='lat' dir='ltr'>veterum</span> <span class='ocrx_word' id='word_1_311' title='bbox 771 1924 975 1958; x_wconf 88' lang='lat' dir='ltr'>comicorum</span> <span class='ocrx_word' id='word_1_312' title='bbox 1009 1924 1119 1957; x_wconf 89' lang='lat' dir='ltr'>adhuc</span> <span class='ocrx_word' id='word_1_313' title='bbox 1152 1924 1247 1957; x_wconf 86' lang='lat' dir='ltr'>libris</span> <span class='ocrx_word' id='word_1_314' title='bbox 1279 1924 1415 1958; x_wconf 89' lang='lat' dir='ltr'>invenio</span> <span class='ocrx_word' id='word_1_315' title='bbox 1448 1925 1526 1958; x_wconf 80' lang='lat' dir='ltr'>heri</span> <span class='ocrx_word' id='word_1_316' title='bbox 1554 1925 1602 1958; x_wconf 85' lang='lat' dir='ltr'>ad</span> <span class='ocrx_word' id='word_1_317' title='bbox 1633 1935 1686 1959; x_wconf 84' lang='lat' dir='ltr'>me</span> <span class='ocrx_word' id='word_1_318' title='bbox 1717 1924 1822 1959; x_wconf 58' lang='lat' dir='ltr'>vemt:</span> <span class='ocrx_word' id='word_1_319' title='bbox 1853 1925 1943 1967; x_wconf 90' lang='lat' dir='ltr'>quod</span> 
     </span>
     <span class='ocr_line' id='line_1_33' title="bbox 86 1982 1943 2030; baseline 0.002 -15"><span class='ocrx_word' id='word_1_320' title='bbox 86 1982 173 2016; x_wconf 77' lang='lat' dir='ltr'>idem</span> <span class='ocrx_word' id='word_1_321' title='bbox 200 1982 237 2016; x_wconf 80' lang='lat' dir='ltr'>in</span> <span class='ocrx_word' id='word_1_322' title='bbox 264 1982 418 2027; x_wconf 64' lang='lat' dir='ltr'>epistulis</span> <span class='ocrx_word' id='word_1_323' title='bbox 445 1983 602 2028; x_wconf 68' lang='lat' dir='ltr'>Auyusti,</span> <span class='ocrx_word' id='word_1_324' title='bbox 631 1994 719 2028; x_wconf 80' lang='lat' dir='ltr'>quae</span> <span class='ocrx_word' id='word_1_325' title='bbox 748 1994 812 2018; x_wconf 89' lang='lat' dir='ltr'>sua</span> <span class='ocrx_word' id='word_1_326' title='bbox 839 1993 943 2017; x_wconf 89' lang='lat' dir='ltr'>manu</span> <span class='ocrx_word' id='word_1_327' title='bbox 962 1983 1100 2026; x_wconf 88' lang='lat' dir='ltr'>scripsit</span> <span class='ocrx_word' id='word_1_328' title='bbox 1127 1986 1186 2017; x_wconf 86' lang='lat' dir='ltr'>aut</span> <span class='ocrx_word' id='word_1_329' title='bbox 1210 1984 1413 2024; x_wconf 87' lang='lat' dir='ltr'>emendavit,</span> <span class='ocrx_word' id='word_1_330' title='bbox 1442 1984 1735 2030; x_wconf 75' lang='lat' dir='ltr'>deprehenditur.“</span> <span class='ocrx_word' id='word_1_331' title='bbox 1786 1984 1873 2019; x_wconf 92' lang='lat' dir='ltr'>Vide</span> <span class='ocrx_word' id='word_1_332' title='bbox 1901 1984 1943 2019; x_wconf 89' lang='lat' dir='ltr'>de</span> 
     </span>
     <span class='ocr_line' id='line_1_34' title="bbox 83 2043 1171 2088; baseline 0.002 -13"><span class='ocrx_word' id='word_1_333' title='bbox 83 2043 148 2076; x_wconf 90' lang='lat' dir='ltr'>hoc</span> <span class='ocrx_word' id='word_1_334' title='bbox 175 2043 336 2077; x_wconf 89' lang='lat' dir='ltr'>adverbio</span> <span class='ocrx_word' id='word_1_335' title='bbox 364 2045 494 2078; x_wconf 89' lang='lat' dir='ltr'>Handii</span> <span class='ocrx_word' id='word_1_336' title='bbox 523 2046 707 2079; x_wconf 87' lang='lat' dir='ltr'>Tursellini</span> <span class='ocrx_word' id='word_1_337' title='bbox 735 2046 802 2080; x_wconf 87' lang='lat' dir='ltr'>vol.</span> <span class='ocrx_word' id='word_1_338' title='bbox 831 2045 887 2079; x_wconf 91' lang='lat' dir='ltr'>HI</span> <span class='ocrx_word' id='word_1_339' title='bbox 913 2054 992 2088; x_wconf 89' lang='lat' dir='ltr'>pag.</span> <span class='ocrx_word' id='word_1_340' title='bbox 1023 2045 1066 2078; x_wconf 89' lang='grc'>61</span> <span class='ocrx_word' id='word_1_341' title='bbox 1099 2055 1171 2088; x_wconf 90' lang='lat' dir='ltr'>sqq.</span> 
     </span>
    </p>

    <p class='ocr_par' dir='ltr' id='par_1_10' title="bbox 77 2104 1944 2512">
     <span class='ocr_line' id='line_1_35' title="bbox 243 2104 1943 2150; baseline 0.002 -13"><span class='ocrx_word' id='word_1_342' title='bbox 243 2104 434 2145; x_wconf 84' lang='lat' dir='ltr'>„Avidius</span> <span class='ocrx_word' id='word_1_343' title='bbox 463 2105 656 2147; x_wconf 89' lang='lat' dir='ltr'>Quietus“</span> <span class='ocrx_word' id='word_1_344' title='bbox 688 2106 800 2150; x_wconf 89' lang='lat' dir='ltr'>inquit</span> <span class='ocrx_word' id='word_1_345' title='bbox 827 2105 960 2139; x_wconf 88' lang='lat' dir='ltr'>Plinius</span> <span class='ocrx_word' id='word_1_346' title='bbox 988 2105 1038 2139; x_wconf 91' lang='lat' dir='ltr'>VI</span> <span class='ocrx_word' id='word_1_347' title='bbox 1067 2105 1125 2145; x_wconf 84' lang='lat'>29,</span> <span class='ocrx_word' id='word_1_348' title='bbox 1157 2105 1244 2149; x_wconf 89' lang='lat' dir='ltr'>„qui</span> <span class='ocrx_word' id='word_1_349' title='bbox 1272 2116 1329 2140; x_wconf 88' lang='lat' dir='ltr'>me</span> <span class='ocrx_word' id='word_1_350' title='bbox 1355 2105 1473 2140; x_wconf 88' lang='lat' dir='ltr'>unice</span> <span class='ocrx_word' id='word_1_351' title='bbox 1501 2105 1649 2140; x_wconf 88' lang='lat' dir='ltr'>dilexit</span> <span class='ocrx_word' id='word_1_352' title='bbox 1682 2108 1734 2146; x_wconf 89' lang='lat' dir='ltr'>et,</span> <span class='ocrx_word' id='word_1_353' title='bbox 1763 2115 1838 2150; x_wconf 93' lang='lat' dir='ltr'>quo</span> <span class='ocrx_word' id='word_1_354' title='bbox 1866 2116 1943 2140; x_wconf 89' lang='lat' dir='ltr'>non</span> 
     </span>
     <span class='ocr_line' id='line_1_36' title="bbox 82 2163 1944 2215; baseline 0.002 -18"><span class='ocrx_word' id='word_1_355' title='bbox 82 2163 214 2198; x_wconf 87' lang='lat' dir='ltr'>minus</span> <span class='ocrx_word' id='word_1_356' title='bbox 242 2165 412 2208; x_wconf 87' lang='lat' dir='ltr'>gaudeo,</span> <span class='ocrx_word' id='word_1_357' title='bbox 440 2167 650 2209; x_wconf 88' lang='lat' dir='ltr'>probavit,</span> <span class='ocrx_word' id='word_1_358' title='bbox 678 2170 721 2201; x_wconf 91' lang='lat' dir='ltr'>ut</span> <span class='ocrx_word' id='word_1_359' title='bbox 748 2167 873 2201; x_wconf 91' lang='lat' dir='ltr'>multa</span> <span class='ocrx_word' id='word_1_360' title='bbox 901 2166 984 2201; x_wconf 83' lang='lat' dir='ltr'>alia</span> <span class='ocrx_word' id='word_1_361' title='bbox 1012 2166 1218 2201; x_wconf 83' lang='lat' dir='ltr'>Thraseae</span> <span class='ocrx_word' id='word_1_362' title='bbox 1251 2163 1347 2209; x_wconf 87' lang='lat' dir='ltr'>(fuit</span> <span class='ocrx_word' id='word_1_363' title='bbox 1378 2167 1480 2202; x_wconf 92' lang='lat' dir='ltr'>enim</span> <span class='ocrx_word' id='word_1_364' title='bbox 1507 2164 1747 2215; x_wconf 90' lang='lat' dir='ltr'>familiaris)</span> <span class='ocrx_word' id='word_1_365' title='bbox 1783 2167 1843 2202; x_wconf 90' lang='lat' dir='ltr'>ita</span> <span class='ocrx_word' id='word_1_366' title='bbox 1870 2167 1944 2202; x_wconf 89' lang='lat' dir='ltr'>hoc</span> 
     </span>
     <span class='ocr_line' id='line_1_37' title="bbox 83 2225 1944 2270; baseline 0.003 -13"><span class='ocrx_word' id='word_1_367' title='bbox 83 2234 204 2267; x_wconf 78' lang='lat' dir='ltr'>saepe</span> <span class='ocrx_word' id='word_1_368' title='bbox 232 2225 453 2266; x_wconf 87' lang='lat' dir='ltr'>referebat,</span> <span class='ocrx_word' id='word_1_369' title='bbox 480 2227 720 2270; x_wconf 88' lang='lat' dir='ltr'>praecipere</span> <span class='ocrx_word' id='word_1_370' title='bbox 749 2228 913 2262; x_wconf 89' lang='lat' dir='ltr'>solitum</span> <span class='ocrx_word' id='word_1_371' title='bbox 942 2227 1230 2270; x_wconf 88' lang='lat' dir='ltr'>suscipiendas</span> <span class='ocrx_word' id='word_1_372' title='bbox 1258 2238 1346 2262; x_wconf 88' lang='lat' dir='ltr'>esse</span> <span class='ocrx_word' id='word_1_373' title='bbox 1365 2238 1511 2262; x_wconf 87' lang='lat' dir='ltr'>causas</span> <span class='ocrx_word' id='word_1_374' title='bbox 1539 2230 1609 2262; x_wconf 89' lang='lat' dir='ltr'>aut</span> <span class='ocrx_word' id='word_1_375' title='bbox 1628 2228 1846 2262; x_wconf 88' lang='lat' dir='ltr'>amicorum</span> <span class='ocrx_word' id='word_1_376' title='bbox 1873 2230 1944 2262; x_wconf 86' lang='lat' dir='ltr'>aut</span> 
     </span>
     <span class='ocr_line' id='line_1_38' title="bbox 81 2284 1943 2331; baseline 0.003 -14"><span class='ocrx_word' id='word_1_377' title='bbox 81 2284 308 2319; x_wconf 79' lang='lat' dir='ltr'>destitutas</span> <span class='ocrx_word' id='word_1_378' title='bbox 340 2290 410 2320; x_wconf 88' lang='lat' dir='ltr'>aut</span> <span class='ocrx_word' id='word_1_379' title='bbox 450 2288 499 2321; x_wconf 89' lang='lat' dir='ltr'>ad</span> <span class='ocrx_word' id='word_1_380' title='bbox 532 2288 753 2330; x_wconf 87' lang='lat' dir='ltr'>exemplum</span> <span class='ocrx_word' id='word_1_381' title='bbox 786 2287 1057 2331; x_wconf 89' lang='lat' dir='ltr'>pertinentes.</span> <span class='ocrx_word' id='word_1_382' title='bbox 1112 2288 1190 2322; x_wconf 85' lang='lat' dir='ltr'>Cur</span> <span class='ocrx_word' id='word_1_383' title='bbox 1226 2288 1458 2328; x_wconf 87' lang='lat' dir='ltr'>amicorum,</span> <span class='ocrx_word' id='word_1_384' title='bbox 1500 2298 1577 2322; x_wconf 91' lang='lat' dir='ltr'>non</span> <span class='ocrx_word' id='word_1_385' title='bbox 1609 2292 1702 2331; x_wconf 87' lang='lat' dir='ltr'>eget</span> <span class='ocrx_word' id='word_1_386' title='bbox 1741 2288 1943 2331; x_wconf 87' lang='lat' dir='ltr'>interpre-</span> 
     </span>
     <span class='ocr_line' id='line_1_39' title="bbox 80 2344 1943 2392; baseline 0.003 -15"><span class='ocrx_word' id='word_1_387' title='bbox 80 2344 254 2378; x_wconf 86' lang='lat' dir='ltr'>tatione:</span> <span class='ocrx_word' id='word_1_388' title='bbox 284 2355 354 2379; x_wconf 93' lang='lat' dir='ltr'>cur</span> <span class='ocrx_word' id='word_1_389' title='bbox 381 2346 631 2382; x_wconf 80' lang='lat' dir='ltr'>destitutas?</span> <span class='ocrx_word' id='word_1_390' title='bbox 686 2349 791 2391; x_wconf 90' lang='lat' dir='ltr'>quod</span> <span class='ocrx_word' id='word_1_391' title='bbox 819 2348 858 2381; x_wconf 95' lang='lat' dir='ltr'>in</span> <span class='ocrx_word' id='word_1_392' title='bbox 891 2348 976 2382; x_wconf 83' lang='lat' dir='ltr'>illis</span> <span class='ocrx_word' id='word_1_393' title='bbox 1008 2348 1178 2382; x_wconf 88' lang='lat' dir='ltr'>maxime</span> <span class='ocrx_word' id='word_1_394' title='bbox 1211 2351 1251 2382; x_wconf 91' lang='lat' dir='ltr'>et</span> <span class='ocrx_word' id='word_1_395' title='bbox 1282 2349 1517 2383; x_wconf 89' lang='lat' dir='ltr'>constantia</span> <span class='ocrx_word' id='word_1_396' title='bbox 1550 2348 1711 2392; x_wconf 90' lang='lat' dir='ltr'>agentis</span> <span class='ocrx_word' id='word_1_397' title='bbox 1743 2351 1782 2382; x_wconf 92' lang='lat' dir='ltr'>et</span> <span class='ocrx_word' id='word_1_398' title='bbox 1808 2348 1943 2383; x_wconf 90' lang='lat' dir='ltr'>huma-</span> 
     </span>
     <span class='ocr_line' id='line_1_40' title="bbox 78 2405 1943 2451; baseline 0.002 -13"><span class='ocrx_word' id='word_1_399' title='bbox 78 2405 190 2439; x_wconf 90' lang='lat' dir='ltr'>nitas</span> <span class='ocrx_word' id='word_1_400' title='bbox 219 2409 471 2440; x_wconf 82' lang='lat' dir='ltr'>cerneretur:</span> <span class='ocrx_word' id='word_1_401' title='bbox 501 2417 571 2440; x_wconf 90' lang='lat' dir='ltr'>cur</span> <span class='ocrx_word' id='word_1_402' title='bbox 588 2408 847 2450; x_wconf 88' lang='lat' dir='ltr'>pertinentes</span> <span class='ocrx_word' id='word_1_403' title='bbox 877 2409 925 2441; x_wconf 87' lang='lat' dir='ltr'>ad</span> <span class='ocrx_word' id='word_1_404' title='bbox 944 2407 1190 2451; x_wconf 78' lang='lat' dir='ltr'>exemplum?</span> <span class='ocrx_word' id='word_1_405' title='bbox 1219 2408 1312 2451; x_wconf 89' lang='lat' dir='ltr'>quia</span> <span class='ocrx_word' id='word_1_406' title='bbox 1338 2408 1552 2451; x_wconf 88' lang='lat' dir='ltr'>plurimum</span> <span class='ocrx_word' id='word_1_407' title='bbox 1579 2408 1773 2449; x_wconf 88' lang='lat' dir='ltr'>referret,</span> <span class='ocrx_word' id='word_1_408' title='bbox 1801 2409 1943 2442; x_wconf 89' lang='lat' dir='ltr'>bonnm</span> 
     </span>
     <span class='ocr_line' id='line_1_41' title="bbox 77 2465 1943 2512; baseline 0.001 -13"><span class='ocrx_word' id='word_1_409' title='bbox 77 2476 127 2499; x_wconf 83' lang='lat' dir='ltr'>an</span> <span class='ocrx_word' id='word_1_410' title='bbox 168 2465 315 2500; x_wconf 92' lang='lat' dir='ltr'>malum</span> <span class='ocrx_word' id='word_1_411' title='bbox 356 2465 637 2501; x_wconf 89' lang='lat' dir='ltr'>induceretur.</span> <span class='ocrx_word' id='word_1_412' title='bbox 691 2468 751 2502; x_wconf 91' lang='lat' dir='ltr'>Ad</span> <span class='ocrx_word' id='word_1_413' title='bbox 791 2468 891 2503; x_wconf 88' lang='lat' dir='ltr'>haec</span> <span class='ocrx_word' id='word_1_414' title='bbox 927 2478 1000 2512; x_wconf 89' lang='lat' dir='ltr'>ego</span> <span class='ocrx_word' id='word_1_415' title='bbox 1022 2478 1192 2512; x_wconf 49' lang='lat' dir='ltr'>*genera</span> <span class='ocrx_word' id='word_1_416' title='bbox 1224 2478 1452 2509; x_wconf 88' lang='lat' dir='ltr'>causarum,</span> <span class='ocrx_word' id='word_1_417' title='bbox 1493 2468 1710 2503; x_wconf 88' lang='lat' dir='ltr'>ambitiose</span> <span class='ocrx_word' id='word_1_418' title='bbox 1750 2469 1943 2507; x_wconf 87' lang='lat' dir='ltr'>fortasse,</span> 
     </span>
    </p>
   </div>
  </div>
 </body>
</html>
