2090 2607
932 86 1132 138 *ἐξῇ

113 208 257 242 addam
284 209 415 242 tamen
443 207 576 242 claras
596 210 635 242 et
661 208 870 243 inlustres.
922 209 1100 253 Aequum
1118 212 1180 243 est
1198 209 1298 243 enim
1316 220 1436 253 agere
1463 220 1541 244 non
1558 219 1767 254 numquam
1796 210 1954 254 gloriae

113 270 152 302 et
183 267 328 309 famae,
358 267 399 302 id
429 270 491 303 est
521 278 630 303 suam
662 279 832 304 causam.
885 270 968 304 Hos
1000 269 1209 310 terminos,
1254 270 1342 312 quia
1378 280 1433 304 me
1464 271 1723 311 consuluisti,
1756 271 1954 315 dignitati

113 338 159 362 ac
184 328 454 362 verecundiae
481 330 574 363 tuae
601 330 772 364 statuo.“
845 334 848 336 ’

265 387 324 423 Me
350 388 447 424 unice
474 388 597 425 auexit.
649 389 798 430 „Uniee“
824 400 886 434 pro
913 389 1039 430 „valde
1068 389 1292 425 vehementer
1319 391 1464 433 positum
1491 394 1552 431 est,
1579 394 1618 425 ut
1644 392 1735 434 apud
1753 391 1951 426 Ciceronem

113 445 175 495 (ad
201 448 305 483 famil.
333 450 365 483 V
393 449 424 490 8,
455 448 533 498 11);
574 451 690 491 „unice
717 451 842 496 diligo⁴⁶
883 453 918 485 et
945 451 1037 494 apud
1063 450 1209 485 Plinium
1237 448 1307 496 (III
1335 451 1367 491 3,
1399 449 1450 498 1):
1496 452 1609 493 „Cum
1648 455 1802 495 patrem
1844 454 1951 486 tuum

112 510 365 553 suspexerim
391 511 517 554 magis
545 522 593 546 an
621 512 850 552 amaverim,
879 511 1055 545 dubitem
1074 513 1193 554 teque
1220 512 1258 545 in
1285 512 1508 546 memoriam
1536 513 1620 546 eius
1639 516 1679 546 et
1705 513 1743 546 in
1761 513 1951 547 honorem

112 572 220 604 tuum
249 570 347 605 unice
389 571 567 616 diligam,
609 572 766 616 cupiam
802 581 968 618 necesse
1005 574 1067 606 est
1098 574 1219 616 atque
1252 572 1385 612 etiam,
1427 575 1618 616 quantum
1649 573 1688 607 in
1720 584 1777 607 me
1808 573 1950 613 fuerit,

112 630 247 666 enitar
273 633 317 666 ut
343 631 458 667 filius
485 635 576 667 tuus
604 644 678 668 avo
706 633 851 668 similis
879 632 1096 667 exsistat.“

265 691 317 725 De
349 690 507 727 Thrasea
534 692 648 733 Paeto,
689 693 747 737 qui
778 703 800 728 a
830 692 1043 736 Vespasiano
1075 692 1197 728 eieotus
1227 704 1298 728 esse
1325 693 1473 727 traditur
1505 690 1587 739 (Dio
1614 689 1679 734 66,
1716 692 1789 741 13),
1831 694 1951 729 scribit

111 752 253 787 Seneca:

265 813 414 852 „Virum
445 817 581 849 exactae
611 814 800 859 sapientme
829 813 1017 859 firmaeque
1049 814 1265 854 constantiae,
1305 814 1511 859 eloquentiae
1543 825 1624 849 vero
1656 815 1737 854 eius,
1778 825 1866 858 quae
1895 826 1950 850 res

107 871 322 917 fortissimas
349 874 467 909 deceat
494 871 551 920 (de
577 874 685 909 benef.
713 875 782 909 VII
809 874 841 915 8,
870 871 933 922 2)“
964 876 1000 908 et
1026 874 1180 909 Tacitus:

264 935 338 975 „Ad
369 938 574 978 postremum
605 936 695 969 Nero
727 935 890 970 virtutem
921 935 1030 978 ipsam
1062 935 1258 969 exscindere
1285 935 1478 977 concupivit
1508 934 1687 970 interfecto
1719 932 1758 981 (i.
1787 946 1815 969 e.
1844 936 1948 969 inter-

110 992 270 1043 ficiendo)
298 995 452 1030 Thrasea
483 996 590 1031 Paeto
618 998 652 1030 et
682 996 796 1030 Barea
828 996 969 1037 Sorano,
1002 995 1081 1030 olim
1122 992 1159 1042 (i.
1192 1005 1220 1030 e.
1252 995 1318 1029 iam
1346 993 1491 1043 pridem)
1531 996 1685 1040 utrisque
1724 996 1886 1036 infensus,
1914 1000 1949 1031 et

111 1056 348 1091 accedentibus
376 1057 487 1092 causis
514 1057 548 1091 in
576 1057 773 1097 Thraseam,
802 1057 892 1100 quod
919 1058 1041 1091 senatu
1073 1066 1229 1100 egressus
1262 1059 1323 1096 est,
1355 1066 1429 1091 cum
1456 1057 1497 1090 de
1528 1057 1719 1100 Agrippina
1750 1057 1948 1097 referretur,

109 1118 148 1150 ut
174 1117 366 1157 memoravi,
395 1118 550 1161 quodque
568 1117 773 1152 iuvenalium
800 1117 844 1161 (a
861 1116 1000 1152 Nerone
1019 1116 1268 1160 institutormn)
1287 1117 1415 1151 ludicro
1435 1127 1553 1160 parum
1573 1117 1790 1160 spectabilem
1809 1128 1947 1161 operam

108 1178 314 1220 praebuerat
341 1174 435 1223 (ann.
464 1178 547 1212 XVI
575 1175 672 1224 21).“

267 1238 377 1280 „Tum
404 1238 448 1272 ad
475 1237 662 1272 Thraseam
689 1237 723 1271 in
751 1237 861 1271 hortis
893 1239 1050 1281 agentem
1077 1239 1237 1281 quaestor
1270 1237 1415 1271 consulis
1442 1237 1564 1271 missus
1592 1240 1853 1280 vesperascente
1872 1238 1948 1272 -iam

109 1297 173 1331 die.
226 1298 423 1333 Inlustrium
450 1298 601 1333 virorum
623 1298 890 1342 feminarumque
917 1300 1033 1332 coetus
1051 1297 1246 1341 frequentes
1274 1301 1400 1341 egerat,
1428 1297 1571 1331 maxime
1598 1297 1750 1332 intentus
1769 1298 1946 1332 Demetrio

109 1358 249 1402 cynicae
275 1358 497 1393 institutionis
516 1358 656 1399 doctori,
684 1368 759 1393 cum
786 1368 852 1403 quo
880 1359 922 1393 de
948 1360 1075 1393 natura
1092 1358 1224 1393 animae
1251 1361 1285 1392 et
1312 1357 1549 1392 dissociatione
1567 1357 1708 1401 spiritus
1727 1359 1948 1403 corporisque

107 1418 301 1463 inquirebat
328 1417 421 1465 (ann.
449 1420 501 1453 XI
528 1418 626 1466 34).“

265 1479 398 1516 C'a‘lbsae
425 1480 609 1516 destitutae.
661 1480 734 1514 Eae
761 1489 885 1515 causae
911 1480 1096 1514 destitutae
1122 1480 1390 1517 nominabantur.
1418 1489 1502 1523 quas
1530 1490 1604 1514 cum
1631 1490 1751 1523 parum
1779 1491 1945 1524 prospere

108 1541 227 1576 cedere
253 1541 460 1582 viderentur,
488 1552 584 1576 nemo
612 1541 800 1576 advocatus
828 1550 931 1585 agere
958 1541 1106 1576 animum
1132 1541 1321 1575 inducebat.

261 1603 392 1637 Causas
420 1603 464 1636 ad
491 1602 677 1645 exemplum
694 1601 903 1645 pertinentes
923 1602 1078 1637 Thrasea
1095 1601 1268 1636 contendit
1286 1601 1520 1643 suscipiendas
1547 1611 1630 1641 esse,
1658 1602 1748 1644 quod
1767 1602 1948 1644 plurimum

107 1662 261 1703 referret,
287 1663 453 1696 bonumne
481 1672 523 1696 an
555 1662 680 1696 malum
710 1661 939 1703 induceretur,
972 1662 993 1695 i.
1022 1671 1049 1696 e.
1077 1661 1112 1696 in
1139 1671 1295 1696 scaenam
1327 1661 1425 1704 quasi
1452 1661 1613 1704 prodiret,
1641 1664 1678 1695 ut
1706 1664 1741 1695 et
1766 1661 1947 1696 honestum

107 1724 280 1766 tamquam
307 1723 443 1767 egregie
470 1733 510 1757 ac
529 1722 702 1765 splendide
729 1724 810 1757 ante
829 1722 944 1757 oculos
973 1722 1118 1756 omnium
1135 1724 1332 1757 versaretur
1351 1724 1384 1755 et
1403 1724 1502 1764 turpe
1520 1722 1670 1755 homines
1698 1722 1742 1755 ab
1759 1722 1949 1765 ignominia

106 1784 210 1826 atque
235 1782 376 1817 infamia
401 1783 604 1826 prohiberet.

264 1843 366 1886 „Nec
392 1853 449 1878 me
475 1842 695 1887 praeterit“
718 1841 832 1887 pergit
849 1841 989 1883 Plinius,
1021 1852 1154 1885 „usum
1180 1845 1220 1877 et
1246 1852 1334 1877 esse
1353 1845 1393 1877 et
1410 1841 1550 1876 haberi
1579 1841 1768 1884 optimum
1787 1842 1948 1876 dicendi

106 1904 355 1947 magistrum
382 1904 552 1947 proinde
578 1903 742 1937 multum
768 1903 859 1947 lege
885 1903 1017 1937 scribe
1044 1902 1253 1942 meditare,
1281 1905 1324 1936 ut
1350 1902 1498 1944 possis,
1525 1912 1608 1935 cum
1638 1901 1764 1942 voles,
1797 1902 1949 1944 dicere3

106 1963 228 2004 dices,
255 1974 339 1999 cum
365 1964 470 2000 velle
497 1963 690 1999 debebis.“

260 2026 358 2067 Quod
397 2026 512 2060 dicens
539 2025 670 2066 Plinius
697 2024 893 2059 Ciceronem
924 2021 983 2071 (de
1015 2023 1070 2059 off.
1098 2025 1116 2059 I
1145 2025 1176 2065 1,
1205 2022 1245 2072 2)
1287 2025 1488 2060 scribentem
1521 2027 1656 2058 secutus
1687 2033 1763 2059 esse
1795 2024 1948 2060 videtur:

110 2087 355 2131 „Quamobrem
387 2087 497 2122 disces
528 2089 567 2121 tu
598 2086 732 2130 quidem
763 2096 785 2120 a
815 2085 967 2130 principe
997 2085 1098 2120 huius
1126 2085 1251 2120 aetatis
1278 2085 1553 2129 philosophorum
1585 2081 1660 2130 (scl.
1689 2083 1882 2133 Cratippo),
1915 2090 1950 2121 et

105 2147 224 2190 disces,
257 2148 417 2193 quamdiu
449 2148 557 2183 voles:
599 2150 669 2182 tam
705 2146 763 2182 diu
793 2148 907 2182 autem
938 2146 1026 2182 velle
1058 2146 1205 2189 debebis,
1246 2148 1357 2192 quoad
1389 2150 1432 2188 te,
1473 2149 1636 2191 quantum
1667 2147 1838 2191 proficias,
1880 2159 1948 2183 non

104 2209 325 2252 paenitebit.“

262 2270 373 2313 „Hoc
399 2269 505 2304 fere“
540 2268 683 2313 legimus
714 2269 816 2313 paulo
843 2272 931 2312 post,
968 2271 1344 2312 „temperamentum
1375 2269 1462 2313 ipse
1495 2269 1670 2305 servavi.
1725 2270 1812 2305 Non
1839 2280 1949 2305 num-

105 2340 218 2374 quam
245 2330 500 2371 necessitati,
528 2340 628 2374 quae
653 2340 748 2374 pars
775 2329 948 2365 rationis
976 2332 1050 2370 est,
1075 2330 1225 2373 parui.“

256 2392 372 2425 Verba
398 2393 720 2436 „temperamentum
750 2393 870 2431 tenere,
902 2401 1051 2430 servare,
1090 2391 1206 2436 sequi“
1236 2401 1259 2425 a
1284 2390 1393 2424 Plinio
1421 2391 1557 2434 saepius
1586 2390 1657 2439 (111
1687 2395 1718 2435 1,
1747 2395 1784 2437 6;
1827 2405 1948 2439 paneg.

103 2451 157 2485 III
179 2452 214 2494 13
241 2452 274 2486 X
293 2452 330 2494 3;
361 2452 418 2492 79,
439 2449 477 2499 5)
505 2451 717 2486 adhibentur.
772 2450 914 2486 Ovidius
938 2451 1021 2485 dicit
1049 2447 1148 2497 (Met.
1169 2452 1203 2485 Π
1224 2449 1328 2498 137);
1355 2450 1490 2492 „Medio
1518 2453 1710 2490 tutissimus
1737 2455 1820 2491 111111·α
1846 2459 1948 2499 atque

103 2510 220 2547 Cicero
248 2509 307 2559 (de
334 2512 390 2547 off.
418 2513 435 2547 I
464 2510 545 2560 25):
578 2513 791 2557 „Numquam
814 2512 902 2547 enim
919 2512 1038 2553 iratus,
1066 2512 1123 2556 qui
1150 2512 1290 2548 accedet
1316 2513 1361 2547 ad
1379 2523 1533 2559 poenam,
1560 2515 1828 2555 mediocritatem
1853 2516 1945 2554 illam
