2090 2607
981 88 1028 121 15

243 210 391 251 „Servus
423 210 560 253 egregio
591 210 765 244 mendacio
793 220 830 244 se
861 209 1020 243 Pisonem
1051 218 1125 243 esse
1156 209 1329 251 respondit
1366 218 1407 243 ac
1438 208 1554 242 statim
1585 209 1820 247 obtruncatur,
1862 217 1925 241 nec

84 268 189 302 multo
216 270 296 311 post
321 268 402 302 Piso
428 268 646 311 interficitur3
672 278 817 312 namque
843 269 974 308 aderat,
1002 268 1060 311 qui
1085 271 1250 307 nosceret,
1277 268 1423 301 Baebius
1450 268 1569 301 Massa
1595 278 1613 301 e
1633 266 1922 312 procuratoribus

83 327 236 373 Africae,
263 328 331 362 iam
365 330 447 363 tunc
478 329 601 374 optimo
638 329 756 374 cuique
787 328 949 364 exitiosus
980 330 1015 363 et
1059 327 1148 363 inter
1178 338 1303 363 causas
1333 326 1511 367 malorum,
1544 336 1631 371 quae
1661 336 1740 361 mox
1772 325 1920 366 tulimus,

83 387 222 432 saepius
248 388 424 423 rediturus
451 385 546 434 (hist.
574 389 623 423 IV
653 387 717 436 50)

340 459 375 493 et
401 456 589 500 explicator
615 457 788 493 Iuvenalis
815 458 860 492 ad
887 459 952 492 sat.
980 457 998 491 I
1026 456 1089 491 35:

240 526 409 568 „Baebius
435 527 555 562 Massa
580 527 689 562 morio
723 523 859 570 (μωρός)
889 526 996 562 fuisse
1023 526 1147 561 dicitur
1174 529 1208 561 et
1231 526 1371 561 Mettius
1395 526 1502 560 Carus
1522 535 1630 560 nanus
1659 522 1696 570 (i.
1717 535 1744 559 e.
1764 522 1919 569 pumilio)

83 612 90 619 .
119 612 126 620 .
154 586 188 620 hi
217 596 332 622 omnes
364 586 516 622 Neronis
547 587 685 622 fuerunt
716 587 829 623 liberii
854 614 861 621 .
891 614 898 621 .
931 588 990 622 sed
1023 589 1057 621 et
1084 586 1284 632 nequissimi
1308 585 1474 621 delatores
1502 612 1510 620 .
1539 612 1546 620 .
1599 585 1719 620 Massa
1748 587 1782 619 et
1809 584 1919 619 Carus

82 646 268 681 Heliodoro
297 647 466 692 deferente
493 645 704 694 (Domitiano
731 646 954 695 imperatore)
981 647 1086 682 occisi
1109 649 1206 682 sunff‘

337 719 372 750 et
398 716 529 751 Plinius
556 714 642 763 (VII
669 718 727 758 33,
756 715 888 764 4—9):

238 785 440 827 „Dederat
478 796 535 820 me
575 789 741 820 'senatus
781 796 864 820 cum
905 786 1107 820 Herennio
1141 785 1358 819 Senecione
1397 785 1637 820 advocatum
1677 783 1918 827 provinciae

79 845 273 880 Baeticae
299 849 441 881 contra
467 847 658 881 Baebium
688 847 864 882 Massam
896 847 1171 891 damnatoque·
1192 847 1328 881 Massa
1359 848 1594 886 censuerat,
1625 848 1668 879 ut
1699 846 1803 879 bona
1829 843 1916 878 eius

79 906 236 948 publice
267 907 583 942 custodirentur.
638 908 802 942 Senecio
836 917 921 942 cum
953 908 1212 950 explorasset
1243 908 1428 941 consules
1459 906 1811 950 postulationibus
1839 901 1915 949 (scl.

72 966 292 1011 privatorum
320 967 355 1002 in
382 978 461 1012 opes
487 968 638 1013 bonaque
669 967 811 1003 Massae
841 967 1122 1011 reclamantium)
1154 970 1386 1008 vacaturos,
1426 967 1613 1002 convenit
1649 976 1706 1000 me
1738 968 1777 999 et
1812 973 1916 1008 „qua

78 1027 316 1062 concordia“
346 1027 479 1072 inquit
505 1029 743 1069 „iniunctam
769 1029 884 1063 nobis
911 1029 1211 1063 accusationem
1243 1028 1423 1063 exsecuti
1454 1037 1600 1067 sumus,
1627 1027 1701 1061 hac
1727 1026 1915 1061 adeamus

77 1088 262 1122 consules
289 1090 565 1133 petamusque,
592 1099 638 1123 ne
664 1089 769 1123 bona
800 1086 875 1136 (scl.
896 1088 1186 1135 postulatoribus)
1218 1089 1420 1132 dissipare
1452 1088 1601 1128 sinant,
1634 1096 1800 1132 quorum
1828 1094 1916 1120 esse

76 1147 114 1182 in
147 1149 334 1183 custodia
373 1149 532 1193 debent;
572 1161 655 1185 nam
684 1150 718 1185 si
752 1149 905 1186 consules
932 1150 968 1186 id
999 1150 1222 1191 concederem,
1264 1150 1400 1185 Senecio
1426 1149 1572 1195 putabat
1601 1148 1676 1184 sine
1706 1146 1806 1182 dubio
1836 1145 1918 1192 sieri

72 1220 183 1254 posse,
209 1212 247 1244 ut
271 1209 396 1244 Massa
422 1210 530 1256 specie
558 1209 840 1245 reclamationum
867 1222 945 1256 opes
972 1222 1055 1245 suas
1073 1213 1243 1257 repeteret.
1295 1211 1483 1245 Venimus
1511 1210 1559 1244 ad
1586 1209 1788 1248 consules,
1815 1206 1916 1241 dicit

78 1270 244 1304 Senecio
273 1280 373 1314 quae
399 1281 463 1305 res
498 1271 670 1312 ferebat,
702 1271 840 1315 aliqua
871 1272 1085 1315 subiungo.
1138 1272 1308 1306 Vixdum
1340 1271 1673 1310 conticueramus,
1706 1271 1745 1303 et
1775 1268 1914 1302 Massa

77 1333 244 1373 questus
272 1331 529 1365 Senecionem
568 1342 646 1365 non
677 1332 867 1366 advocati
899 1332 1032 1372 fidem,
1074 1332 1150 1369 sedv
1169 1331 1319 1366 inimici
1360 1331 1668 1365 amaritudinem
1708 1329 1912 1372 implesse,

75 1390 299 1434 impietatis
332 1388 408 1438 (sol.
435 1392 472 1427 in
498 1391 739 1428 Domitianum
765 1392 1024 1438 imperatorem)
1056 1402 1164 1427 reum
1194 1392 1390 1436 postulat·‚
1429 1392 1575 1426 horror
1602 1389 1784 1425 omnium.
1826 1388 1912 1432 Ego

76 1453 209 1485 autem
241 1445 437 1494 „vereor‘ss
471 1452 644 1496 inquam,
673 1453 892 1487 clarissimi
919 1453 1118 1493 consules,
1145 1463 1191 1487 ne
1217 1453 1311 1487 mihi
1338 1453 1474 1487 Massa
1505 1451 1668 1486 silentio
1696 1460 1766 1484 suo
1794 1459 1911 1492 prae-

75 1510 369 1546 varicationem
397 1512 594 1547 obiecerit
620 1512 742 1558 (quasi
762 1512 892 1548 Massoe
917 1513 1082 1558 partibus,
1109 1523 1179 1548 non
1196 1511 1412 1552 Baeticorum,
1439 1522 1584 1557 quorum
1604 1512 1778 1556 patronus
1796 1520 1912 1548 essem,

70 1570 253 1615 faverem),
295 1572 399 1615 quod
429 1583 507 1607 non
538 1576 578 1607 et
616 1583 674 1607 me
713 1583 821 1607 reum
852 1573 1112 1616 postulavit.“
1165 1574 1274 1615 Quae
1306 1584 1383 1608 vox
1423 1575 1462 1607 et
1493 1571 1629 1606 statim
1669 1572 1842 1613 excepta
1873 1572 1913 1604 et

73 1635 220 1675 postea
246 1633 371 1667 multo
399 1644 580 1668 sermone
608 1634 816 1669 celebrata
843 1636 937 1668 est.“

232 1702 331 1745 Quod
357 1705 499 1744 veretur,
526 1714 569 1737 ne
595 1703 685 1738 idem
712 1703 784 1751 sibi,
803 1704 943 1739 crimini
967 1704 1065 1739 ‘aletur
1091 1707 1195 1748 atque
1222 1703 1406 1743 Senecioni,
1434 1702 1565 1737 Plinius
1584 1699 1655 1748 (ΠΙ
1683 1702 1716 1741 4,
1745 1699 1785 1748 6)
1814 1701 1911 1735 dicit:

225 1764 469 1803 „Praeterea
499 1774 583 1799 cum
613 1765 869 1805 recordarer,
897 1768 1048 1808 quanta
1074 1775 1144 1808 pro
1171 1765 1313 1799 iisdem
1339 1763 1520 1798 Baeticis
1547 1762 1760 1806 superiore
1787 1762 1911 1797 advo-

71 1822 232 1857 catione
259 1823 380 1858 etiam
419 1824 603 1867 pericula
634 1825 846 1865 subissem,
886 1825 1203 1860 conservandum
1234 1824 1387 1859 veteris
1428 1823 1560 1858 officii
1591 1823 1778 1857 meritum
1809 1832 1913 1858 novo

76 1882 323 1920 videbatur.“

229 1952 459 1988 Posteriorem
491 1964 560 1999 pro
597 1953 749 1988 Baeticis
789 1964 930 1989 causam
970 1954 1101 1989 Plinius
1133 1954 1212 1998 egit,
1252 1963 1328 1989 cum
1367 1953 1472 1997 legati
1511 1952 1709 1996 provinciae
1749 1953 1914 1987 Baeticae

70 2013 224 2056 questiui
252 2014 292 2049 de
312 2013 561 2059 proconsulatu
592 2013 720 2049 Caecili
748 2013 896 2050 Classici
920 2015 1124 2050 advocatum
1151 2025 1227 2050 eum
1253 2025 1276 2050 a
1301 2017 1424 2050 senatu
1449 2016 1614 2058 peterent.

225 2083 437 2127 „Collegae
478 2084 618 2127 optimi
658 2084 813 2128 meique
853 2085 1142 2120 amantissimi“
1180 2089 1220 2120 ut
1250 2085 1339 2119 Plini
1370 2084 1484 2120 verbis
1516 2079 1588 2130 (ΙΠ
1616 2084 1648 2123 4,
1678 2081 1796 2130 3—5)
1823 2086 1912 2123 utar,

69 2142 136 2182 „de
163 2143 378 2178 communis
406 2143 537 2178 officii
564 2144 883 2179 necessitatibus
910 2145 1053 2188 (cerarii
1077 2145 1168 2181 enim
1187 2144 1374 2191 proefedus
1397 2146 1472 2180 erat
1495 2143 1656 2188 Plinius)
1682 2143 1913 2187 praelocuti

70 2213 265 2240 excusare
290 2215 348 2240 me
380 2208 421 2241 et
451 2205 625 2241 eximere
657 2208 972 2250 temptaverunt.
1025 2206 1172 2251 Legati
1210 2215 1350 2241 rursus
1381 2204 1537 2240 inducti
1568 2204 1715 2240 iterum
1747 2214 1806 2240 me
1837 2204 1914 2240 iam

70 2268 323 2306 praesentem
362 2267 603 2301 advocatum
633 2268 965 2309 postulaverunt,
1006 2268 1273 2310 implorantes
1304 2264 1424 2301 fidem
1454 2276 1591 2306 meam,
1632 2275 1749 2309 quam
1776 2269 1916 2300 essent

69 2327 211 2360 contra
249 2326 426 2361 Massam
457 2326 651 2361 Baebium
691 2327 863 2371 experti,
905 2329 1144 2372 adlegantes
1183 2327 1405 2371 patrocinii
1444 2326 1587 2361 foedus
1619 2326 1784 2372 (proinde
1815 2337 1859 2362 ac
1883 2326 1918 2360 si

63 2387 205 2429 ‚pactum
234 2387 406 2433 quoddam
423 2387 469 2423 iis·
489 2389 717 2434 praestarem,
745 2399 810 2434 quo
838 2399 894 2424 eos
911 2389 954 2424 ab
972 2388 1114 2424 iniuriis
1137 2387 1309 2424 cuiuslibet
1332 2387 1468 2432 yeneris
1486 2386 1732 2432 defenderem).
1769 2388 1915 2422 Secuta

69 2448 130 2479 est
170 2450 336 2482 senatus
376 2448 610 2483 clarissima
651 2449 851 2489 adsensio,
893 2459 995 2493 quae
1035 2450 1141 2483 solet
1181 2449 1347 2482 decreta
1385 2458 1688 2491 praecurrere·
1718 2448 1812 2482 Tum
1840 2457 1913 2489 ego

71 2505 266 2549 „desino“‚
303 2508 477 2552 inquam,
527 2511 687 2553 „patres
723 2509 960 2554 conscripti,
1004 2512 1149 2553 putare
1184 2517 1241 2544 me
1277 2509 1411 2544 iustas
1448 2508 1728 2544 excusationis
1766 2516 1913 2542 causas
