2090 2607
123 212 347 246 attulisse*
405 212 569 247 Placuit
608 215 647 246 et
687 213 886 247 modestia
925 212 1121 247 sermonis
1162 215 1201 246 et
1240 212 1347 246 ratio
1388 209 1426 257 (i.
1459 222 1488 245 e.
1529 211 1621 246 diese
1652 210 1873 246 bescheidene
1899 212 1969 247 und

121 273 404 308 riicksichtsvolle
432 271 632 320 Sprache.)“
970 265 973 268 Δ

274 334 357 368 Cum
385 332 539 378 ,‚le9are“
566 334 638 368 fere
665 333 755 369 idem
781 334 899 370 valeat
924 334 1014 378 quod
1041 333 1289 374 „internuntios
1316 333 1358 368 de
1378 332 1527 379 publicis
1554 333 1655 368 rebus
1672 332 1843 374 mittere“.
1871 333 1966 368 verbi

119 393 308 438 „alleqare‘
342 394 449 440 prior
475 394 682 438 slgnificatio
724 397 777 429 est
803 395 901 429 haec:
947 394 1114 437 „aliquem
1154 394 1211 438 qui
1252 394 1293 428 de
1314 393 1466 439 privatis
1497 394 1598 428 rebus
1630 396 1715 438 agat
1744 393 1902 428 mittere“
1934 397 1969 428 et

114 455 303 499 posterior:
344 455 495 499 „aliquid
533 455 567 489 in
608 455 753 490 medium
789 455 954 499 proferre,
994 465 1059 500 quo
1097 454 1181 499 quid
1215 456 1394 489 παιδείαν
1424 453 1476 489 vel
1507 453 1785 489 commendetur.“
1836 454 1969 488 Baetici

118 514 276 554 Plinium,
305 518 344 548 ut
371 526 408 549 se
436 516 627 550 advocatus
645 517 801 549 tueretur
828 518 863 549 et
890 515 1078 549 servandos
1097 517 1203 555 curet,
1231 515 1378 549 orabant
1396 517 1500 558 atque
1527 515 1753 549 obsecrabant
1779 515 1968 558 allegantes

118 575 299 617 patrocinii
327 575 458 615 foedus,
491 576 513 610 i.
543 586 571 609 e.
600 576 786 610 excusandi
827 585 932 610 causa
959 574 1150 618 patrocinii,
1183 575 1273 618 quod
1313 574 1381 609 iam
1413 574 1507 618 prius
1548 574 1612 609 sibi
1644 576 1766 609 contra
1803 574 1969 609 Baebium

117 635 359 677 praestitisset,
388 646 464 670 eum
483 636 821 671 commonefecerunt.
874 635 1004 670 Plinius
1023 646 1107 670 voce
1133 635 1354 670 insolentiore
1381 634 1521 680 „foedus
1545 634 1739 681 patrocinii
1762 633 1968 680 allegante&

117 694 235 736 utitur,
276 696 419 739 proinde
461 697 560 741 quasi
592 696 726 732 Baetici
766 695 864 731 illum
899 695 972 736 sibi,
1013 696 1103 740 quod
1138 695 1207 730 iam
1234 695 1337 730 semel
1373 695 1588 736 defendisset,
1629 694 1865 729 existimarent
1895 704 1969 729 esse

117 756 307 791 astrictum.

274 818 422 853 Tuitus
451 829 533 853 sum
560 819 706 853 Iulium
724 818 893 853 Bassum
921 817 1278 852 utincustoditum
1301 816 1418 851 nimis
1446 816 1708 852 etincautum
1734 816 1794 851 ita
1812 816 1969 851 minime

117 877 275 920 malum;
303 878 508 913 iudicibus
537 879 719 922 acceptis
746 879 786 912 in
813 881 958 912 senatu
985 877 1181 912 remansit
1208 874 1275 923 (VI
1303 878 1361 917 29,
1392 875 1466 925 10).

274 938 367 972 Loco
406 939 537 980 „tuitus
570 942 663 973 sum“
696 948 797 982 quam
832 938 974 981 perfecti
1007 938 1150 971 formam
1183 937 1414 979 Quintilianus
1441 937 1514 981 ipse
1541 935 1641 983 (decl.
1669 938 1686 971 I
1716 935 1780 984 13)
1807 937 1970 977 adhibuit,

118 1006 140 1031 a
167 997 330 1033 Cicerone
359 1002 514 1039 „tutatus
543 1003 636 1034 sum“
664 999 812 1042 positum
840 1001 901 1033 est.

273 1058 536 1093 Coniunctiones
569 1059 838 1102 comparativae:
879 1061 935 1098 „ut
970 1078 1019 1082 -
1053 1058 1102 1092 ita
1138 1058 1245 1101 (sic)‘⁴
1289 1058 1492 1102 germanicis
1524 1058 1698 1093 vocabulis
1737 1056 1969 1104 ‚,(eine1·seits)

115 1129 213 1152 eevar
239 1138 288 1142 —
318 1116 543 1166 (anderseits)
570 1120 654 1154 aber
679 1119 797 1162 (we-rm
823 1119 912 1153 anch
938 1138 987 1142 —
1014 1129 1051 1152 so
1079 1118 1202 1162 doch)“
1229 1119 1365 1161 saepius
1393 1119 1607 1162 respondent,
1639 1121 1679 1152 ut
1696 1119 1862 1162 legamus:
1897 1119 1965 1158 „Ut

117 1188 234 1212 errare
262 1179 404 1221 potuisti
434 1199 482 1203 -—
503 1179 579 1222 quis
607 1179 694 1213 enim
722 1179 756 1213 id
776 1178 982 1222 effuggerit‘?
1011 1198 1060 1202 ——
1088 1178 1136 1212 sic
1163 1179 1271 1222 decipi
1299 1181 1333 1213 te
1360 1189 1427 1213 non
1454 1178 1606 1222 potuisse
1633 1179 1708 1223 quis
1735 1189 1801 1213 non
1829 1178 1969 1213 videt‘?“

118 1259 166 1263 —
195 1240 265 1279 „Ut
291 1239 373 1273 nihil
401 1240 480 1273 boni
510 1242 563 1274 est
589 1240 623 1274 in
651 1242 770 1280 morte,
799 1239 848 1274 sic
867 1241 958 1274 certe
985 1239 1068 1273 nihil
1095 1239 1206 1273 mali.“
1234 1260 1283 1263 —
1303 1239 1455 1280 „Marius
1482 1242 1521 1274 ut
1546 1248 1649 1274 manu
1675 1238 1891 1279 fortissimus,
1919 1239 1969 1273 ita

118 1300 254 1344 ingenio
282 1310 405 1343 aspero
434 1301 530 1334 fuit.“

272 1362 324 1396 De
352 1362 540 1396 iamborum
568 1362 737 1405 scriptore
766 1360 857 1396 Iulio
886 1361 999 1395 Basso
1029 1361 1147 1395 scribit
1173 1361 1403 1403 Quintilianus
1432 1358 1498 1407 (VI
1518 1361 1551 1402 3,
1580 1358 1660 1408 27):

273 1423 332 1461 „Id
360 1433 473 1465 porro,
503 1423 593 1465 quod
621 1422 754 1462 dicitur,
782 1425 843 1456 aut
867 1424 920 1455 est
946 1421 1111 1455 lascivum
1139 1425 1172 1455 et
1198 1421 1316 1461 hilare,
1344 1421 1460 1465 qualia
1485 1421 1526 1455 A.
1546 1422 1677 1456 Galbae
1704 1422 1880 1465 pleraque,
1908 1425 1968 1455 aut

119 1482 405 1522 contumeliosum,
434 1483 551 1526 qualia
569 1492 678 1526 nuper
706 1481 780 1517 Iuli
804 1481 931 1526 Bassi;
958 1484 1019 1516 aut
1042 1491 1210 1525 asperum,
1237 1481 1353 1526 qualia
1371 1481 1469 1516 Cassi
1496 1481 1628 1525 Severi;
1655 1484 1717 1517 aut
1742 1482 1826 1522 lene,
1854 1481 1968 1526 qualia

119 1542 244 1575 Domiti
273 1543 359 1576 Afri.
415 1543 546 1582 Refert,
573 1543 626 1576 his
652 1543 710 1576 ubi
738 1542 815 1586 quis
841 1545 980 1576 utatur‘

376 1606 410 1636 et
438 1604 568 1637 Seneca
595 1599 767 1648 (controv.
795 1600 861 1649 X):
904 1611 910 1616 ’

272 1663 400 1702 „Iulius
427 1663 569 1703 Bassus,
596 1663 696 1696 homo
715 1662 872 1702 disertus,
902 1662 955 1696 cui
976 1663 1146 1705 demptam
1165 1661 1270 1697 velles
1299 1672 1399 1705 quam
1418 1664 1680 1697 consectabatur
1698 1663 1968 1697 airiare'tmlinem

117 1725 147 1757 ct
173 1722 427 1758 simulationem
454 1722 600 1758 actionis
632 1722 805 1763 oratoreke,
839 1722 1030 1757 consectari
1062 1722 1194 1757 solebat
1224 1732 1279 1763 res
1312 1722 1468 1757 sordidas
1505 1725 1540 1757 et
1570 1723 1774 1766 inveniebat.
1807 1723 1864 1768 qui
1891 1723 1967 1758 illas

118 1783 215 1817 unice
242 1784 463 1826 suspiceret.“

272 1844 325 1879 De
358 1843 496 1880 Vareno
523 1843 620 1889 Rufo
648 1844 766 1879 confer
792 1844 880 1879 Plin.
909 1844 941 1878 V
970 1844 1028 1885 20,
1059 1844 1170 1879 1—-22

271 1904 441 1948 Bithyni
468 1904 615 1940 Rufum
644 1905 845 1940 Varenum
872 1905 1153 1948 proconsulem
1181 1905 1429 1946 detulerunt,
1457 1906 1670 1947 Varenum,
1703 1916 1815 1950 quem
1841 1915 1967 1950 nuper

118 1965 317 1999 adversus
347 1965 518 2000 Bassum
549 1966 793 2001 advocatum
821 1967 860 2000 et
886 1965 1149 2008 postularant
1176 1968 1215 2000 et
1240 1970 1492 2009 acceperant.
1547 1967 1730 2001 Varenus
1762 1966 1897 2010 petiit,
1924 1968 1967 2000 ut

117 2025 194 2059 sibi
229 2036 384 2070 quoque
416 2026 669 2061 defensionis
710 2036 837 2061 causa
870 2036 1044 2061 evocare
1084 2029 1213 2061 testes
1244 2027 1402 2061 liceret:
1445 2027 1732 2062 recusantibus
1759 2027 1966 2070 Bithynis,

117 2086 298 2130 cognitio
326 2090 518 2131 suscepta
544 2090 620 2130 est;
648 2087 713 2132 egi
739 2097 812 2130 pro
840 2087 1002 2121 Vareno
1030 2097 1106 2121 non
1134 2087 1220 2121 sine
1247 2090 1427 2122 eventu.“

270 2147 324 2181 De
349 2146 469 2181 Mario
498 2146 620 2182 Prisco
649 2147 768 2182 scribit
795 2147 927 2181 Plinius
955 2144 1007 2192 (II
1038 2148 1093 2187 11,
1123 2146 1177 2193 2):

270 2207 428 2243 Marius
454 2207 623 2243 Priscus
650 2208 939 2243 accusantibus
966 2208 1092 2249 Afris,
1125 2208 1267 2253 quibus
1295 2219 1364 2253 pro
1398 2208 1560 2244 consule
1585 2208 1781 2252 praefuit,
1819 2209 1967 2243 omissa

118 2269 352 2303 defensione
404 2268 560 2303 iudices
613 2269 748 2312 petiit.
819 2269 905 2313 Ego
955 2272 994 2304 et
1042 2270 1254 2305 Cornelius
1304 2270 1485 2310 Tacitus,
1535 2270 1679 2304 adesse
1709 2272 1965 2311 (παρίστασθαι,

116 2330 338 2372 παραστῆναι)
377 2328 703 2373 provincialibus
739 2329 853 2369 iussi,
896 2329 1222 2364 existimavimus
1253 2330 1352 2363 fidei
1383 2333 1550 2364 nostrae
1581 2329 1798 2364 convenire
1829 2331 1965 2363 notum

115 2389 276 2425 senatui
316 2389 452 2425 facere
494 2391 721 2426 excessisse
749 2390 931 2425 Priscum
958 2391 1211 2426 immanitate
1238 2393 1277 2426 et
1304 2390 1481 2426 saevitia
1512 2390 1681 2426 crimina
1708 2386 1746 2437 (i.
1775 2400 1802 2425 e.
1830 2389 1964 2425 modum

113 2447 308 2498 criminum)
337 2451 480 2494 quibus
507 2451 596 2485 dari
623 2452 776 2486 iudices
804 2455 985 2495 possent,
1013 2462 1096 2486 cum
1125 2453 1171 2486 ob
1199 2453 1435 2487 innocentes
1467 2453 1804 2492 condemnandos,
1837 2451 1964 2485 inter-

111 2511 312 2547 ficiendos
339 2511 474 2552 etiam,
501 2512 695 2556 pecunias
722 2512 987 2555 accepisset.“
