2090 2607
923 149 948 151 ,ἡ
995 100 1127 151 {Lu-

252 226 363 266 Quam
390 225 435 258 ad
453 233 525 257 rem
542 223 756 257 efficiendam
774 222 932 256 celeriter
948 222 1171 265 navigantem
1189 222 1407 256 Liburnicam
1425 232 1501 256 cum
1518 223 1801 266 quadriremibus,
1829 223 1955 266 quibus

96 286 214 329 plures
241 283 394 319 homines
422 283 670 326 exciperentur,
697 282 854 318 mutavit.

256 352 439 387 Deducit
465 352 758 396 quadriremes,
786 351 973 386 ascendit
998 351 1087 394 ipse
1104 360 1182 384 non
1200 350 1374 384 Retinae
1391 352 1505 385 modo
1532 349 1572 397 (i.
1591 361 1619 386 e.
1638 352 1785 386 Retinae
1804 350 1960 399 incolis),

97 414 167 449 sed
191 412 331 448 multis
358 409 466 460 (erat
492 412 594 447 enim
629 412 821 455 frequens
849 411 1076 447 amoenitas
1108 408 1220 458 orae)
1247 410 1408 445 laturus
1436 411 1644 447 auxilium.

251 482 344 516 Loco
363 485 546 524 corruptae
563 482 731 515 librorum
750 481 940 523 scripturae
966 481 1164 521 „Rectinoe“,
1193 490 1262 523 qua
1287 490 1409 513 nomen
1432 481 1581 515 mulieris
1604 482 1784 516 cuiuslibet
1809 482 1956 516 indicari

96 542 244 583 videtur,
271 541 452 587 legendum
479 544 532 576 est
558 541 739 582 ,‚Retinoe.“

252 603 413 637 Retinam
441 599 571 647 (hodiez
600 599 780 648 Resinam)
807 601 842 634 in
873 601 948 635 imis
975 601 1104 635 Vesuvi
1136 600 1261 635 montis
1293 601 1466 635 radicibus
1498 601 1590 635 intra
1616 602 1773 636 Porticos
1802 606 1837 635 et
1864 603 1954 636 Her·

98 663 277 699 culaneum
305 662 406 698 sitam
433 662 539 697 fuisse
567 662 656 697 inter
683 672 798 697 omnes
825 664 971 697 constat.

251 733 455 776 Properat
485 732 584 766 illuc
615 732 716 765 unde
750 732 822 766 alii
854 732 1019 775 fugiunt
1054 734 1289 775 rectumque
1321 741 1491 772 cursum,
1531 735 1644 767 recta
1675 734 1955 777 gubernacula

96 792 136 825 in
163 792 390 835 periculum
417 794 543 832 tenet,
571 792 668 825 adeo
697 791 856 825 solutus
882 794 1003 832 metu,
1030 794 1075 825 ut
1101 801 1233 826 omnes
1261 788 1361 837 (nont
1390 789 1520 840 omnia)
1543 792 1656 827 illius
1683 793 1776 828 mali
1805 797 1953 835 motus,

98 863 234 887 omnes
261 853 435 897 figuras,
466 855 511 887 ut
537 851 862 896 deprehenderat
889 852 1032 894 oculis,
1059 852 1238 887 dictaret
1265 856 1549 897 enotaretque.
1603 854 1739 889 Stabias
1767 855 1864 897 petit,
1895 855 1954 889 ubi

99 914 354 957 Pomponianus
381 914 519 957 quidam
537 914 751 953 versabatur,
779 915 814 946 et
841 913 1127 955 complectitur
1150 913 1436 955 trepidantem,
1464 914 1715 955 consolatur,
1742 915 1953 949 hortatur.

98 975 269 1009 Interim
301 985 319 1008 e
350 970 506 1010 Veuvio
538 977 669 1008 monte
704 973 891 1017 pluribus
923 973 1024 1007 locis
1056 969 1246 1020 (Mediceus
1278 974 1386 1008 codex
1412 974 1700 1018 praepositionem
1727 975 1764 1010 in
1792 973 1951 1023 adhibet)

96 1035 325 1069 latissimae
364 1035 549 1068 flammae
589 1034 756 1076 altaque
796 1033 986 1067 incendia
1026 1034 1282 1073 relucebant,
1324 1044 1491 1077 quorum
1531 1035 1669 1078 fulgur
1705 1038 1745 1069 et
1777 1036 1952 1070 claritas

97 1095 281 1130 tenebris
307 1095 440 1129 noctis
468 1094 742 1128 excitabatur.

251 1155 329 1189 Non
356 1157 418 1195 est,
445 1155 536 1198 quod
563 1154 743 1188 editionem
761 1153 952 1187 Romanam
971 1153 1078 1187 secuti
1097 1153 1284 1187 scribamus
1307 1155 1487 1196 „tenebras
1513 1155 1624 1189 noctis
1643 1155 1859 1198 excipiebat“
1891 1160 1953 1190 aut

99 1216 176 1251 aliis
204 1215 366 1259 exemplis
393 1215 495 1250 fidem
521 1215 706 1249 habeamus
734 1214 975 1249 scribentibus:
1008 1214 1189 1257 „tenebras
1215 1214 1325 1249 noctis
1343 1214 1522 1258 pellebat.“
1580 1215 1668 1250 Nam
1699 1217 1953 1257 „excitabatur‘

98 1278 164 1311 hoc
190 1278 264 1311 loco
291 1276 380 1310 idem
406 1276 478 1310 fere
504 1276 599 1311 valet
625 1276 715 1319 quod
741 1275 978 1319 „auyebatur“,
1005 1278 1045 1309 ut
1071 1275 1106 1309 in
1133 1275 1259 1309 tabulis
1285 1275 1396 1318 pictis,
1423 1275 1459 1309 in
1485 1276 1606 1320 quibus
1633 1279 1752 1320 partes
1780 1278 1951 1321 quaedam

98 1337 293 1372 obscuriore
321 1336 433 1371 colore
461 1336 680 1380 effinguntur,
709 1335 797 1369 aliae
825 1335 951 1369 clarius
979 1336 1158 1379 splendent
1185 1338 1287 1380 atque
1315 1335 1488 1381 effulgent.

251 1407 414 1441 Crebris
441 1406 656 1449 vastisque
683 1406 929 1439 tremoribus
955 1408 1068 1440 tecta
1086 1407 1286 1440 nutabant
1312 1409 1352 1439 et
1378 1407 1495 1449 quasi
1514 1410 1644 1441 emota
1668 1408 1836 1442 sedibus
1864 1409 1950 1443 suis

95 1476 200 1500 nunc
231 1467 307 1500 huc
337 1475 440 1499 nunc
471 1466 567 1499 illuc
598 1465 711 1498 abire
743 1467 813 1498 aut
843 1464 993 1498 referri
1025 1465 1283 1500 videbantur.
1341 1465 1504 1499 Placuit
1535 1467 1675 1510 egredi
1705 1467 1746 1501 in
1777 1467 1878 1502 litus
1911 1472 1952 1503 et

96 1537 143 1561 ex
174 1527 356 1569 proximo
389 1526 588 1571 aspicere,
620 1526 763 1569 ecquid
794 1525 872 1559 iam
902 1515 1011 1560 mare
1042 1526 1278 1559 admitteret
1315 1525 1402 1568 (sibi
1428 1526 1642 1570 permitteret
1670 1526 1812 1570 suffere)
1845 1530 1951 1571 qnod

95 1586 225 1621 adhuc
257 1589 415 1621 vastum
448 1582 485 1632 (i.
514 1596 541 1620 e.
569 1596 695 1620 soevum
727 1587 757 1620 et
782 1584 965 1629 horrvhzle)
993 1588 1033 1620 et
1064 1586 1276 1620 adversum
1309 1581 1347 1631 (i.
1375 1595 1404 1619 e.
1431 1586 1633 1630 oestuosum)
1665 1589 1950 1630 permanebat.

96 1647 159 1681 Ibi
201 1657 323 1690 super
363 1647 563 1681 abiectum
601 1646 770 1679 linteum
809 1646 1008 1680 recubans
1040 1646 1161 1680 semel
1195 1648 1316 1688 atque
1351 1646 1497 1680 iterum
1533 1646 1727 1690 frigidam
1759 1650 1950 1691 poposcit

94 1707 312 1750 hausitque
335 1707 391 1750 (ut
413 1706 515 1746 sitim,
538 1717 608 1751 qua
620 1705 829 1740 vehementer
843 1706 1038 1746 vexabatur,
1057 1705 1211 1749 levaret).
1238 1705 1392 1739 Deinde
1410 1705 1595 1740 flammae
1613 1706 1951 1753 flammarumque

94 1768 366 1811 praenuntius
407 1768 504 1802 odor
541 1766 720 1809 sulpuris
759 1766 862 1800 alios
894 1766 935 1800 in
975 1767 1111 1810 fugam
1142 1769 1322 1806 vertunt,
1364 1766 1549 1801 excitant
1579 1767 1706 1802 illum.
1761 1769 1950 1805 Innitens

96 1828 273 1863 servulis
314 1829 469 1862 duobus
509 1827 747 1862 adsurrexit
786 1830 826 1860 et
865 1827 1006 1861 statim
1046 1827 1238 1867 concidit,
1279 1829 1322 1860 ut
1361 1836 1433 1870 ego
1474 1827 1624 1871 colligo
1664 1825 1703 1873 (i.
1732 1839 1761 1863 e.
1789 1828 1949 1878 conicio),

95 1888 301 1921 crassiore
329 1888 505 1931 caligine
532 1887 682 1930 spiritu
709 1887 922 1920 obstructo
955 1887 1175 1930 clausoque
1207 1887 1428 1926 stomacho,
1461 1887 1528 1929 qui
1558 1887 1622 1921 illi
1653 1892 1807 1923 natura
1833 1890 1950 1925 inva-

93 1947 202 1981 lidus
230 1949 270 1981 et
296 1950 494 1991 angustus
522 1950 561 1981 et
587 1946 824 1990 frequenter
851 1949 1045 1981 aestuans
1075 1949 1165 1981 erat
1190 1946 1246 1990 (ut
1271 1945 1374 1981 solita
1394 1945 1599 1992 pulmonum
1617 1948 1805 1993 respiratio
1833 1950 1950 1996 itaque

94 2019 166 2047 vox,
196 2019 272 2042 cum
298 2006 470 2052 suffocari
494 2008 673 2047 videretur,
701 2018 777 2041 eum
796 2018 954 2051 persoepe
981 2006 1189 2051 deficerent).

256 2075 401 2111 Tremor
432 2077 522 2121 quod
553 2075 755 2112 vocabulum
785 2074 821 2109 in
847 2075 868 2109 1.
901 2075 952 2110 VI
984 2085 1035 2120 ep.
1064 2076 1112 2111 20
1145 2075 1281 2119 saepius
1307 2075 1490 2117 invenitur,
1523 2086 1545 2111 a
1571 2076 1665 2112 nullo
1692 2077 1760 2113 nisi
1787 2089 1809 2114 a
1835 2079 1948 2115 Plinio

94 2141 129 2171 et
159 2138 251 2171 illius
283 2138 409 2172 aetatis
441 2138 664 2180 scriptoribus
696 2137 884 2176 adhibetur,
917 2147 985 2179 qua
1011 2147 1095 2171 voce
1121 2137 1210 2169 idem
1237 2136 1428 2178 exprimant
1460 2138 1551 2179 quod
1579 2140 1633 2171 est
1659 2141 1782 2178 „terrae
1808 2142 1948 2173 motus.“

93 2197 195 2240 Apud
213 2196 350 2231 Livium
375 2197 533 2240 legimus:
566 2197 698 2240 „pallor
725 2199 759 2230 et
785 2198 913 2230 tremor
940 2199 975 2230 et
993 2195 1142 2230 dentium
1170 2195 1333 2238 crepitus;
1360 2198 1489 2229 tremor
1507 2196 1657 2231 omnium
1683 2199 1944 2233 membrorum.“

246 2265 420 2306 „Vastus-‘⁴
447 2266 652 2302 adiectivum
680 2267 724 2301 ad
750 2276 806 2300 res
833 2268 868 2300 et
884 2265 1041 2309 ingentes
1069 2267 1103 2299 et
1129 2265 1317 2305 horribiles,
1344 2265 1366 2299 i.
1394 2274 1423 2299 e.
1451 2268 1580 2301 metum
1607 2270 1641 2301 et
1664 2277 1829 2311 pavorem
1856 2269 1946 2303 exci-

94 2330 218 2367 tantes,
245 2326 404 2371 pertinet.
1418 2370 1420 2372 ,

252 2387 369 2432 Caligo
397 2392 451 2422 est
477 2389 590 2423 fumus
616 2399 792 2432 pavorque
820 2387 877 2431 qui
904 2387 1080 2430 pulmones
1108 2391 1227 2430 petens
1253 2388 1472 2422 vehementer
1497 2392 1601 2433 urget
1628 2393 1732 2434 atque
1759 2394 1874 2424 vexat.

249 2455 453 2491 Stomachus
479 2457 544 2491 hoc
561 2456 635 2491 loco
660 2467 728 2491 non
755 2459 910 2492 ventrem
928 2457 1087 2500 gulamve
1115 2456 1294 2501 significat,
1323 2457 1383 2491 sed
1401 2458 1567 2493 arteriam
1585 2469 1673 2503 quae
1692 2459 1803 2494 Plinio
1821 2459 1946 2494 Maiori

95 2517 294 2560 frequenter
319 2519 470 2552 aestuans
497 2521 581 2558 erat,
609 2521 649 2552 ut
675 2521 816 2561 propter
843 2518 1021 2561 angustias
1050 2518 1190 2560 spiritus
1217 2528 1382 2561 persaepe
1409 2520 1650 2563 corriperetur.
