2090 2607
70 165 74 168 >
106 139 218 174 Ictum
243 147 405 174 saxorum
436 138 472 173 in
496 137 691 174 ,musculum
723 137 962 174 devolutorum
991 138 1139 174 firmitas
1174 138 1338 174 materiae
1378 136 1502 184 (firma
1531 137 1700 182 ntalem)
1741 137 1898 178 sustinet,
1926 138 1962 171 et

93 199 268 244 ‚quioquid
292 199 413 235 incidit
438 199 579 243 fastigio
605 200 749 234 musculi
775 200 924 234 elabitur
954 196 1069 245 (Caes.
1096 201 1136 234 b.-
1157 210 1185 233 c.
1213 201 1249 234 H
1279 198 1492 247 11,1).---
1520 199 1684 234 Isocratis
1711 199 1813 233 ludus
1839 198 1961 232 nobili

105 261 180 295 tate
206 259 450 303 discipulorum
475 258 662 303 (nobilibus
679 259 877 305 discipzdzs)
903 259 1049 294 florebat
1075 256 1179 307 (Cic.)
1207 279 1257 283 ——-
1284 259 1488 294 Hannibalis
1513 259 1581 293 iter
1603 258 1835 340 impediebant
1860 267 1959 302 aspe-

105 321 230 356 ritates
255 321 391 357 viarum
416 322 570 366 (asperoe
595 321 710 364 m‘ae).“

260 380 508 414 Laurentinum
535 380 647 415 decem
674 382 704 414 et
721 382 845 425 septem
863 380 1000 415 milibus
1019 391 1192 426 passuum
1219 381 1262 414 ab
1285 381 1369 414 urbe
1395 380 1538 414 secessit.
1590 380 1717 414 Decem
1739 382 1802 414 aut
1828 382 1959 422 septem

107 450 209 485 quam
244 441 422 475 lectionem
455 441 563 475 codex
594 440 781 484 Pragensis
813 441 938 481 elicuit,
974 442 1188 484 repudianda
1219 445 1282 481 est,
1314 441 1349 475 id
1385 442 1476 484 quod
1494 451 1553 474 ·ex
1589 441 1808 484 sequentibus
1844 439 1959 474 verbis

107 503 262 545 apparet.
315 501 404 536 Nam
421 501 657 536 Laurentiana
683 501 742 536 via
769 511 791 536 a
818 504 940 545 quarto
969 502 1097 537 decimo
1121 502 1245 545 lapide,
1273 501 1440 536 Ostiensis
1467 501 1512 535 ab
1529 500 1706 535 undeciino
1733 500 1956 544 relinquenda

108 565 198 604 erat;
224 562 357 604 lapides
385 565 499 596 autem
525 563 617 596 inter
644 573 680 596 se
708 562 843 605 singula
870 563 962 596 milia
993 560 1154 605 passuum
1182 563 1373 604 distabant;
1405 562 1526 595 aberat
1552 571 1634 604 ergo
1661 561 1754 601 villa,
1782 561 1958 595 Laurento

107 622 184 656 urbi
215 622 338 662 vicina,
370 622 447 665 plus
475 622 749 666 quattuordecim
776 622 869 656 milia
901 632 1062 665 passuum
1094 623 1137 656 ab
1164 623 1258 656 urbe.
1313 622 1525 655 Laurentum
1551 620 1647 655 intra
1668 620 1803 655 Ostium
1829 622 1861 655 et
1887 620 1957 654 La·

107 682 238 717 vinium
265 682 351 717 mari
379 683 538 717 adiacens
565 682 666 717 hodie
697 683 829 724 „Torre
857 682 891 716 di
909 682 1080 716 Paterno“
1112 685 1266 722 vocatur,
1294 682 1360 716 nisi
1387 681 1478 716 forte
1504 681 1546 715 iis
1573 681 1674 715 fidem
1700 681 1873 720 habemus,
1901 681 1959 724 qui

107 742 320 776 Laurentum
345 742 401 782 ibi,
434 743 491 776 ubi
523 752 612 776 nunc
643 743 805 785 „Cassale
838 742 871 776 di
904 742 1126 785 Capocotta“,
1168 742 1271 776 situm
1302 742 1409 776 fuisse
1441 744 1575 785 putant.
1628 741 1721 775 Loco
1757 741 1894 783 „decem
1926 744 1960 774 et

109 805 259 846 septem“
290 803 401 838 forma
427 803 688 848 „septendecivffl
718 803 881 837 usitatior
912 807 973 842 est,
1006 806 1040 836 et
1071 803 1202 842 „decem
1232 805 1444 848 septemquffl
1475 813 1497 836 a
1528 802 1621 836 nullo
1653 801 1820 845 scriptore
1847 801 1913 836 nisi
1939 812 1959 835 a

109 863 240 908 Nepote
267 863 301 897 in
323 863 464 898 Catom‘s
482 864 553 898 vita
572 864 589 897 I
609 864 630 897 2
659 864 854 898 adhibetur:
888 863 1061 904 „Primum
1081 863 1284 905 stipendium
1302 863 1427 897 meruit
1445 872 1613 897 annorum
1631 863 1747 897 decem
1765 865 1961 905 septemque

109 924 148 964 Q.
176 923 286 957 Fabio
313 923 360 957 M.
390 923 531 958 Claudio
560 924 785 958 consulibus.“

264 982 407 1017 Secessit
433 993 521 1026 quae
539 983 640 1018 lectio
659 984 829 1027 plerisque
848 983 1019 1017 codicibus
1037 984 1136 1023 inest,
1163 984 1299 1027 integra
1318 983 1508 1017 exhibenda
1535 986 1602 1017 est:
1632 983 1715 1018 villa
1733 992 1807 1017 cum
1826 983 1962 1017 homine

110 1046 311 1086 comparata
339 1053 359 1077 a
388 1048 478 1077 coetu
495 1043 666 1077 hominum
692 1043 953 1086 frequentiaque
975 1043 1010 1076 in
1038 1044 1209 1087 quandam
1227 1043 1442 1077 solitudinem
1469 1043 1568 1086 quasi
1596 1053 1633 1077 se
1660 1042 1803 1085 recepit3
1830 1042 1963 1077 Keilius

114 1103 299 1146 „recessit“
321 1103 356 1137 in
379 1106 511 1138 textum
537 1103 666 1145 intulit3
694 1107 732 1138 at
759 1103 875 1138 confer
901 1104 922 1137 1.
946 1104 983 1138 Π
1001 1114 1053 1146 ep.
1076 1104 1107 1144 8,
1134 1104 1164 1143 1,
1191 1103 1326 1143 „studia
1351 1103 1540 1138 altissimus
1552 1103 1620 1137 *iste
1646 1114 1799 1138 secessus
1824 1101 1961 1147 affatim

109 1163 279 1207 anyerit“
306 1166 341 1197 et
366 1163 388 1196 l.
416 1164 453 1197 H
481 1174 532 1206 ep.
563 1164 620 1203 13,
650 1165 686 1197 5:
714 1163 790 1203 „ille
818 1164 855 1197 in
883 1175 1015 1198 secessu
1043 1163 1321 1197 comubernalz‘sf‘

264 1224 306 1257 In
332 1224 546 1258 Laurentina-
574 1224 656 1259 villa
684 1225 818 1259 versari
845 1224 1124 1259 iucundissimum
1151 1226 1236 1264 erat,
1265 1224 1362 1258 salvo
1389 1223 1458 1257 iam
1484 1223 1687 1266 praesertim
1713 1225 1749 1257 et
1775 1222 1964 1265 composito

110 1284 175 1324 die,
207 1286 246 1317 ut
275 1284 427 1327 requiem
458 1284 504 1318 ibi
536 1294 702 1328 quaerere
734 1295 837 1328 seque
870 1295 912 1319 ex
944 1285 1109 1328 gravibus
1142 1285 1289 1328 negotiis
1326 1284 1466 1318 reficere
1497 1294 1594 1318 nemo
1625 1294 1776 1327 unquam
1808 1284 1966 1318 dubitare

110 1344 297 1379 videretur.
351 1344 439 1379 Dies
469 1343 587 1379 salvus
619 1344 822 1385 nominatur,
856 1355 922 1389 quo
961 1345 1115 1379 omnibus
1149 1345 1270 1379 officiis
1302 1355 1363 1388 pro
1396 1345 1487 1379 virili
1513 1347 1612 1388 parte
1638 1344 1748 1379 functi
1775 1354 1902 1384 sumus,
1931 1348 1963 1378 et

111 1404 315 1449 composdus
342 1407 395 1438 est
421 1404 450 1438 is
478 1405 559 1445 dies,
588 1414 654 1448 quo
683 1415 797 1439 omnes
826 1416 880 1440 res
907 1407 992 1439 bene
1019 1408 1178 1449 recteque
1207 1406 1443 1448 disposuimus.

265 1466 318 1500 De
345 1465 435 1500 Plini
462 1466 606 1500 Minoris
633 1469 752 1509 patre
785 1467 821 1501 O.
855 1467 1034 1501 Caecilio
1068 1467 1224 1501 Comensi
1255 1467 1339 1500 nihil
1365 1466 1561 1509 reperimus,
1588 1465 1655 1500 nisi
1681 1466 1773 1509 quod
1800 1465 1966 1510 originem

112 1526 156 1559 ab
184 1526 301 1559 eadem
329 1529 430 1569 gente
450 1526 557 1566 duxit,
585 1536 627 1560 ex
655 1536 723 1569 qua
742 1526 909 1560 Caecilius
937 1528 1049 1569 poeta,
1076 1537 1175 1570 quem
1194 1527 1358 1567 Catullus,
1386 1530 1426 1560 ut
1453 1527 1496 1560 ad
1523 1537 1559 1560 se
1578 1527 1788 1566 devertatur,
1816 1526 1967 1560 carmine

111 1586 161 1621 35
189 1586 329 1621 invitat:

627 1648 756 1680 Poetae
783 1651 912 1687 tenero,
939 1658 1012 1681 meo
1041 1648 1160 1687 sodali,

626 1706 736 1741 Velim
763 1707 920 1747 Caecilio,
948 1718 1090 1750 papyre,
1118 1708 1222 1748 dicas,

626 1768 798 1802 Veronam
825 1768 951 1808 veniat,
980 1769 1070 1803 Novi
1097 1769 1268 1812 reliquens

627 1827 721 1862 Comi
747 1828 880 1862 moenia-
907 1828 1115 1872 Lariumque
1142 1829 1256 1863 litus.“

265 1887 382 1923 Mater
414 1888 525 1923 Plinia
558 1889 594 1923 C.
627 1888 716 1922 Plini
747 1888 965 1929 Veronensis,
1006 1890 1063 1933 qui
1095 1890 1287 1924 naturalem
1318 1889 1496 1924 historiam
1531 1898 1673 1932 eamque
1709 1888 1966 1934 religiosissime

109 1948 258 1991 scripsit,
286 1960 384 1985 soror
411 1953 496 1990 erat,
524 1960 611 1993 quae
630 1949 753 1983 amisso
782 1955 1001 1992 praemature
1019 1951 1143 1984 marito
1171 1951 1206 1984 in
1234 1952 1331 1984 domo
1358 1950 1477 1984 fratris
1505 1949 1611 1984 vitam
1630 1960 1787 1984 securam
1813 1951 1966 1991 vivebat,

57 2038 61 2044 .
109 2019 132 2042 a
160 2018 226 2052 quo
255 2009 344 2043 filius
373 2010 558 2053 adoptatus
585 2010 707 2049 fuerat,
736 2020 803 2053 qua
831 2012 872 2044 de
899 2021 1004 2045 causa
1030 2012 1066 2045 in
1093 2022 1215 2045 nomen
1242 2012 1277 2046 C.
1306 2011 1395 2045 Plini
1423 2010 1567 2045 Secundi
1593 2011 1744 2045 transiit.

265 2070 355 2104 Plini
383 2071 486 2105 saluti
514 2071 586 2114 ipse
613 2073 707 2104 tutor
741 2070 926 2116 Veayinius
952 2071 1070 2117 Rufus
1098 2072 1221 2116 optime
1249 2072 1456 2111 consulebat,
1484 2071 1579 2105 cuius
1606 2071 1728 2106 laudes
1755 2072 1777 2106 l.
1800 2073 1838 2107 H
1864 2082 1916 2116 ep.
1944 2074 1962 2106 1

109 2130 271 2164 celebrat.

266 2190 486 2234 Verginius
523 2191 666 2231 Rufus,
708 2191 902 2226 maximus
940 2196 979 2226 et
1019 2192 1274 2226 clarissimus
1307 2192 1424 2231 civis,
1464 2191 1707 2234 perfunctus
1745 2195 1808 2226 est
1839 2192 1966 2226 tertio

107 2250 339 2290 consulam,
384 2253 427 2284 ut
472 2261 659 2285 summum
704 2251 917 2296 fastigium
961 2252 1117 2295 privati
1163 2252 1335 2286 hominis
1382 2251 1586 2294 impleret,
1637 2262 1723 2286 cum
1767 2253 1966 2296 principis

109 2311 325 2345 noluisset.
1660 2317 1661 2321 ’

264 2373 295 2407 Ii
314 2373 411 2413 enim,
430 2373 488 2417 qui
511 2373 773 2417 imperatoribus
792 2374 956 2409 Romanis
975 2374 1152 2418 parebant,
1181 2383 1313 2408 omnes
1332 2373 1490 2417 privati
1507 2373 1782 2417 nominabantur,
1809 2374 1967 2419 quamvis

107 2434 155 2468 ad
182 2444 240 2468 eos
266 2435 422 2475 honores,
450 2435 684 2479 magistratus,
711 2435 863 2478 imperia,
890 2438 1081 2479 potestates
1110 2435 1333 2470 deferrentur.
1387 2435 1502 2479 Atque
1529 2436 1642 2471 Rufus
1663 2437 1838 2482 fflnoeffis
1861 2436 1965 2481 fasti-
