2090 2607
1039 38 1057 71 ’ἲ

266 159 345 200 „De
371 158 460 193 vita
477 157 670 201 Pomponi
689 157 862 192 Secundi
888 158 1000 197 duo“,
1028 167 1050 192 a
1077 166 1152 201 quo
1171 157 1442 201 singulariter
1469 159 1626 191 amatus
1650 156 1723 190 hoc
1745 154 1959 189 memoriae

108 218 225 253 amici
253 218 369 262 quasi
396 217 575 252 debitum
600 227 740 252 munus
767 217 964 252 exsolvit.

151 267 153 269 ‚
266 278 493 321 „Bellorum
511 277 752 312 Germaniae
770 277 962 322 viginti“,
990 278 1136 322 quibus
1156 277 1285 311 omnia
1309 287 1409 321 quae
1427 287 1511 311 cum
1529 277 1739 311 Germanis
1758 275 1959 320 gessimus

108 338 217 373 bella
244 338 426 382 collegit.

266 397 477 440 „Studiosi
514 398 640 437 tres“,
679 397 722 431 in
753 407 823 432 sex
853 397 1058 432 volumina
1093 400 1262 440 propter
1297 397 1603 439 amplitudinem
1638 396 1776 435 divisi,
1812 395 1959 439 quibus

109 460 314 492 oratorem
340 457 388 492 ab
415 456 661 492 incunabilis
689 453 939 503 (F'lorentinusz
968 458 1012 492 ab
1038 455 1221 503 murabilis)
1248 457 1435 492 instituit
1461 459 1500 491 et
1525 457 1716 500 perfecit.

267 526 411 570 „Dubii
438 526 634 561 sermonis
663 527 796 561 octo“:
829 526 1000 570 scripsit
1026 528 1098 562 sub
1125 527 1282 562 Nerone
1309 526 1545 561 novissimis
1573 527 1703 567 annis,
1733 537 1820 561 cum
1848 535 1959 559 omne

109 587 342 622 studiorum
373 596 500 632 genus
531 586 652 631 paulo
682 587 852 622 liberius
884 590 923 622 et
954 587 1131 622 erectius
1165 584 1263 634 (nonz
1296 585 1441 634 rectius)
1473 587 1745 631 periculosum
1775 586 1959 621 servitus

110 648 294 684 fecisset.

267 710 321 750 „A
346 708 430 741 fine
456 708 599 741 Aufidi
624 709 744 741 Bassi
772 709 951 751 triginta
976 710 1115 759 unus.“¹

267 768 471 810 „Naturae
506 767 770 802 historiarum
810 768 990 812 triginta
1021 769 1202 811 septen1‚“
1248 778 1346 811 opus
1384 767 1592 807 diffusum,
1634 767 1847 806 eruditum,
1889 776 1959 800 nee

109 828 237 861 minus
264 828 421 863 varium
449 837 565 870 quam
590 828 681 869 ipsa
706 831 867 861 natura.

268 894 480 941 Pomponius
507 894 682 931 Secundus
700 895 734 930 in
753 895 927 939 superiore
946 895 1130 930 Germania
1148 906 1169 930 a
1187 895 1321 930 Chattis
1340 895 1523 930 latrocinia
1541 895 1751 940 agitantibus
1782 894 1959 929 victoriam

108 956 318 997 reportavit:
347 956 464 998 itaque
482 956 623 989 Tacitus
651 953 746 1000 (ann.
765 957 845 994 XII,
865 954 930 1001 28)
958 956 1089 989 scribit:
1122 956 1377 998 „Decretusque
1396 955 1584 997 Pomponio
1608 955 1823 997 triumphalis
1841 954 1959 992 honos,

110 1014 243 1049 modica
269 1025 351 1058 pars
378 1015 490 1049 famae
518 1014 590 1049 eius
610 1015 701 1059 apud
728 1017 894 1059 posteros,
921 1015 956 1049 in
985 1015 1060 1059 quis
1088 1015 1271 1050 carminum
1298 1015 1410 1060 gloria
1437 1014 1645 1060 praecellit,“
1673 1018 1707 1049 et
1729 1014 1959 1057 Quintilianus

110 1073 160 1122 (X
191 1078 222 1116 1,
252 1075 316 1123 98)
345 1087 420 1110 eum
447 1077 598 1119 appellat
624 1077 833 1119 tragicorum
860 1077 1055 1118 principem.

265 1143 419 1180 Studiosi
442 1146 521 1180 tres.
574 1144 723 1179 Verbum
755 1144 909 1185 „studere
941 1140 994 1190 (II
1028 1144 1058 1186 8,
1095 1142 1154 1193 1)“
1190 1147 1225 1180 et
1256 1144 1461 1181 adiectivum
1492 1144 1707 1186 ‚„s·tudio·s·us“
1740 1155 1760 1180 a
1788 1144 1898 1179 Plinio
1927 1147 1959 1179 et
2009 1151 2012 1154 ’

115 1206 158 1238 ab
187 1205 264 1238 aliis
291 1205 514 1246 scriptoribus
541 1205 633 1238 illius
660 1205 785 1238 aetatis
813 1205 915 1237 etiam
942 1206 1097 1238 absolute
1123 1206 1338 1246 adhibentur3
1374 1206 1597 1247 supplendum
1629 1208 1683 1238 est
1714 1205 1875 1244 „lziterzzsffl
1907 1205 1962 1238 vel

110 1262 367 1307 „litterarum‚·“
393 1264 467 1298 loco
494 1264 705 1304 ‚,studiosus“
732 1264 842 1307 ipsum
870 1264 1072 1299 vocabulum
1099 1265 1358 1305 ‚,scleolasticus“
1384 1265 1419 1299 in
1445 1275 1510 1300 usu
1537 1268 1623 1299 erat.

266 1333 385 1376 Opere,
413 1334 467 1368 cui
485 1334 604 1367 titulus
627 1333 770 1373 „dubius
787 1337 919 1368 sermo“
945 1334 1074 1369 inditus
1101 1338 1185 1375 erat,
1212 1334 1342 1368 Plinius
1361 1334 1476 1368 Maior
1493 1334 1771 1378 quaestiunculas
1790 1344 1960 1378 gramma-

111 1393 198 1428 ticas
231 1394 272 1428 de
305 1393 409 1428 dubia
438 1393 585 1434 notione,
617 1393 737 1434 forma,
775 1394 1027 1428 constructione
1059 1394 1279 1437 complurium
1309 1395 1553 1428 vocabulorum
1585 1395 1771 1433 tractabat,
1804 1395 1960 1437 quamvis

111 1454 159 1488 ad
184 1453 348 1489 liberiora
376 1453 492 1489 studia
517 1465 553 1489 se
581 1453 737 1498 conferre
755 1453 879 1489 mallet.
933 1454 1017 1489 Cum
1044 1457 1158 1489 autem
1176 1454 1360 1489 dominatio
1388 1454 1603 1489 atrocissima
1620 1453 1875 1497 imperatorum,
1904 1455 1961 1497 qui

111 1514 306 1558 Augustum
333 1508 572 1559 sequebantur,
599 1514 763 1548 Romanis
790 1523 852 1557 per
879 1514 1026 1557 spatium
1053 1514 1188 1549 circiter
1214 1514 1395 1558 sexaginta
1412 1524 1578 1549 annorum
1603 1524 1766 1559 magnum
1792 1517 1960 1549 terrorem

111 1584 342 1617 pavoremque
367 1574 519 1614 iniceret,
547 1575 723 1614 cavebant,
750 1584 793 1607 ne
813 1574 894 1616 quid
921 1575 1118 1614 scriberent,
1146 1585 1211 1617 quo
1231 1575 1379 1616 suspecti
1405 1575 1536 1608 fierent.
1590 1575 1686 1608 [llius
1714 1575 1828 1617 operis
1858 1574 1957 1608 Pris-

114 1633 235 1670 cianus
261 1633 447 1670 Diomedes
478 1633 660 1670 Charisius
686 1634 899 1679 grammatici
926 1635 1089 1678 plurimos
1115 1635 1208 1670 locos
1235 1634 1394 1670 afferunt.

268 1704 321 1738 De
347 1703 484 1748 Aufidio
517 1704 630 1738 Basso
663 1704 893 1744 Quintilianus
925 1704 1056 1738 scribit:
1094 1704 1280 1745 „Servilius
1312 1704 1489 1737 Nonianus
1521 1706 1598 1737 erat
1630 1704 1715 1737 clari
1746 1704 1802 1738 vir
1833 1704 1962 1747 ingenii

116 1765 150 1797 et
177 1763 356 1797 sententiis
390 1764 517 1804 creber,
558 1763 618 1798 sed
648 1763 757 1797 minus
793 1773 942 1806 pressus,
983 1773 1084 1807 quam
1114 1763 1277 1797 historiae
1309 1762 1497 1797 auctoritas
1527 1763 1691 1805 postulat.
1745 1764 1855 1804 Quam
1888 1760 1964 1808 (scl.

115 1821 383 1870 auctoritatem),
410 1824 549 1866 paulum
575 1825 689 1857 aetate
708 1814 914 1866 praecedens
942 1833 1027 1863 eum,
1053 1823 1183 1857 Bassus
1201 1822 1357 1857 Aufidius
1384 1822 1530 1866 egregie,
1556 1822 1674 1866 utique
1700 1822 1737 1857 in
1763 1822 1862 1858 libris
1888 1822 1968 1859 belli

117 1882 321 1918 Germanici
345 1884 550 1926 praestitit.“
603 1883 692 1918 Huic
718 1883 805 1917 libro
824 1883 939 1917 Aufidi
966 1884 1114 1918 nondum
1140 1884 1183 1917 ad
1207 1883 1307 1917 finem
1334 1883 1478 1917 deducto
1497 1883 1629 1917 Plinius
1657 1883 1805 1926 plurima
1832 1884 1966 1919 addidit

115 1952 198 1977 suae
225 1943 349 1977 aetatis
376 1953 487 1978 mores
514 1943 739 1986 institutaque
767 1942 970 1977 describens.

270 2002 452 2048 Diffusum
480 2015 565 2048 opus
591 2003 721 2037 Plinius
748 2003 917 2045 intellegit
944 2013 1028 2045 opus
1056 2004 1237 2045 copiosum.

270 2071 470 2106 Avunculus
509 2081 597 2105 anno
637 2070 761 2104 aetatis
798 2072 896 2104 sexto
938 2072 971 2103 et
1003 2070 1282 2115 quinquagesimo
1315 2071 1469 2111 decessit,
1510 2070 1649 2115 eiusque
1689 2071 1818 2108 obitum
1845 2072 1966 2108 Tacito

118 2131 298 2166 historiam
325 2132 494 2174 scripturo
521 2134 664 2175 rogatus
691 2134 811 2165 narrat
837 2131 859 2164 1.
886 2131 937 2164 VI
964 2141 1015 2174 ep.
1046 2131 1108 2165 16:

271 2200 372 2234 Erat
400 2200 625 2234 avunculus
652 2199 797 2234 Miseni
825 2200 1076 2243 classemque
1103 2200 1270 2244 imperio
1297 2210 1493 2244 praesens
1520 2202 1707 2245 regebat.

278 2269 456 2311 „Italiam“
479 2271 518 2303 ut
536 2269 586 2303 ait
612 2269 754 2303 Tacitus
774 2265 868 2315 (ann.
886 2269 938 2303 VI
958 2267 1007 2317 5),
1040 2273 1206 2314 „utroque
1225 2270 1310 2304 mari
1338 2271 1425 2304 duae
1444 2270 1571 2304 classes
1599 2271 1707 2316 (quas
1733 2271 1968 2317 imperatores,

117 2329 177 2364 ubi
209 2329 389 2375 oportebat,
430 2330 467 2364 in
498 2340 613 2364 omnes
645 2332 765 2375 partes
796 2330 1029 2374 dimitterent),
1069 2331 1238 2365 Misenum
1269 2331 1360 2373 apud
1392 2333 1426 2364 et
1457 2330 1670 2372 Ravennam,
1710 2332 1968 2376 proximumque

123 2390 258 2425 Galliae
284 2390 365 2425 litus
384 2393 558 2425 rostratae
584 2400 692 2425 naves
710 2390 961 2434 praesidebant,
989 2400 1075 2435 quas
1094 2391 1237 2426 Actiaca
1256 2390 1402 2426 victoria
1419 2393 1540 2434 captas
1559 2392 1738 2436 Augustus
1756 2392 1791 2426 in
1810 2393 1967 2435 oppidum

119 2450 357 2486 Foroiuliense
385 2451 496 2497 (quod
513 2450 677 2497 oppidum
694 2451 732 2487 in
751 2450 872 2487 Gallia
888 2451 1111 2487 Narbonensi
1126 2451 1228 2487 situm
1246 2450 1363 2487 hodice
1389 2450 1562 2498 „Frejw
1583 2452 1803 2496 nominatur)
1829 2453 1969 2488 miserat
