2090 2607
321 91 455 127 Marius
482 91 620 126 Priscus
652 90 792 132 veritus,
824 101 867 126 ne
898 101 1003 126 causa
1034 90 1064 125 si
1096 90 1222 126 diutius
1254 94 1423 135 ageretur,
1456 89 1601 134 pessime
1632 99 1772 126 cessura
1799 92 1904 133 esset;
1931 99 2010 125 con-

168 153 279 187 fessus
306 154 360 186 est
384 162 422 186 se
447 151 484 185 in
510 151 610 194 culpa
636 144 711 186 esse
738 154 773 185 et
798 150 926 186 iudices
953 150 1061 194 petiit,
1088 153 1128 185 ut
1153 149 1244 186 litem
1262 151 1478 186 (estimarent.
1516 150 1658 186 Tacitus
1685 153 1799 185 autem
1826 153 1862 185 et
1879 149 2012 185 Plinius

167 212 224 255 qui
250 221 326 246 eum
351 211 456 246 nimia
481 210 622 246 crimina
648 211 684 246 in
709 221 746 246 se
772 210 950 246 admisisse
980 210 1157 253 putabant,
1189 220 1325 253 operam
1357 211 1530 251 dederunt,
1562 214 1602 246 ut
1636 211 1833 246 damnatum
1869 209 2013 254 gravior

167 281 277 314 poena
304 273 513 314 sequeretur.

321 331 516 374 Princeps
556 331 831 374 praesidebat;
863 333 953 366 erat
993 330 1093 365 enim
1120 331 1275 366 consul:
1317 331 1364 366 ad
1397 330 1472 366 hoc
1500 330 1717 366 Ianuarius
1749 329 1897 366 mensis
1925 340 2010 365 cum

167 394 304 428 cetera
330 394 411 427 tum
436 391 655 436 praecipue
683 394 915 428 senatorum
943 390 1175 436 frequentia
1202 391 1486 428 celeberrimus
1514 388 1566 438 (II
1596 392 1652 434 11,
1682 389 1757 440 10).

320 452 550 497 Imaginare
577 462 678 497 quae
705 443 943 488 sollicitudo
971 451 1100 493 nobis,
1128 452 1193 496 qui
1220 455 1360 493 metus,
1388 452 1532 496 quibus
1559 462 1679 496 super
1697 454 1814 488 tanta
1842 461 1883 486 re
1911 448 1950 497 (i.
1974 460 2003 485 e.

167 513 208 547 de
235 515 333 548 tanta
359 511 413 561 re)
439 513 480 547 in
507 513 577 548 illo
605 517 722 548 coetu
748 515 966 557 praesente
993 513 1167 547 Caesare
1194 513 1400 548 dicendum
1428 516 1515 548 erat
1545 510 1597 560 (II
1627 514 1683 553 11,
1714 511 1788 560 11.)

320 574 540 618 Utcumque
584 577 714 609 tamen
759 574 931 608 animum
976 573 1344 617 cogitationemque
1388 574 1547 618 collegi,
1593 573 1711 622 coepi
1752 573 1887 607 dicere
1932 582 2009 605 non

167 634 318 669 minore
346 635 593 669 audientium
620 636 794 669 adsensu
827 645 942 679 quam
974 634 1251 667 sollicitudine
1282 644 1379 668 mea:
1413 634 1497 667 dixi
1529 634 1641 667 horis
1672 643 1798 676 paene
1830 632 2008 676 quinque

166 692 218 741 (II
249 696 305 735 11,
338 694 414 743 14).

321 755 471 790 Caesar
497 755 591 790 mihi
631 758 787 791 tantum
827 755 921 790 mihi
954 755 1142 796 studium,
1182 758 1334 790 tantam
1366 755 1486 791 etiam
1526 764 1659 791 curam
1699 755 1925 799 praestitit,
1965 758 2007 789 ut

166 815 355 850 libertum
382 825 503 850 meum
531 818 621 859 post
647 825 704 850 me
731 818 906 850 stantem
934 816 1098 859 saepius
1125 816 1372 857 admoneret,
1400 816 1489 852 voci
1516 816 1719 861 laterique
1738 816 2008 857 consulerem,

164 885 248 910 cum
274 886 331 911 me
358 867 645 911 vehementius
665 878 834 919 putaret
860 876 1019 910 intendi
1046 873 1144 923 (nonz
1173 877 1331 924 incendi),
1359 886 1472 921 quam
1492 877 1707 921 gracilitas
1734 886 1819 911 mea
1845 876 2007 920 perpeti

102 949 105 952 ⁴
163 939 303 979 posset
329 933 382 983 (II
412 937 467 977 11,
498 935 571 985 15).

319 997 430 1032 Latus
456 998 510 1033 vel
541 996 653 1032 latera
693 997 862 1033 vocabula
892 997 927 1031 in
967 997 1139 1032 rhetorica
1179 998 1266 1032 idem
1307 998 1423 1033 valent
1463 999 1553 1042 quod
1592 997 1826 1043 ‚ffdmones“;
1866 998 1946 1033 dum
1972 997 2007 1032 hi

165 1057 351 1093 ministerio
390 1068 458 1092 non
491 1057 690 1102 funguntur,
729 1057 841 1092 latera
871 1057 1017 1092 maxime
1058 1058 1181 1092 dolent.
1234 1059 1355 1102 Itaque
1396 1058 1476 1092 dicit
1510 1059 1643 1093 Cicero:
1688 1058 1850 1101 „Infirma
1881 1047 2007 1100 laterass

165 1119 309 1155 laterum
337 1119 442 1162 vires;
468 1119 613 1154 laterum
641 1119 770 1154 dolor.“
801 1140 850 1144 —
883 1119 1072 1164 „Multique
1100 1122 1253 1154 oratores
1280 1119 1427 1160 fuerunt,
1453 1122 1491 1154 ut
1517 1119 1610 1154 illum
1634 1119 1822 1163 Scipionem
1850 1119 2007 1154 audimus

162 1182 196 1214 et
223 1179 386 1221 Laelium,
427 1179 485 1224 qui
518 1179 630 1214 omnia
662 1190 816 1215 sermone
849 1179 1064 1221 conficerent,
1105 1180 1206 1223 paulo
1238 1179 1427 1220 intentiore,
1468 1190 1648 1224 nunquam,
1688 1182 1728 1215 ut
1760 1181 1856 1215 Serv.
1884 1179 2007 1221 Galba,

161 1239 324 1276 lateribus
350 1243 412 1276 aut
438 1240 584 1275 clamore
612 1240 847 1275 contenderent
875 1237 933 1287 (de
961 1243 1047 1275 orat.
1075 1241 1092 1274 I
1122 1239 1220 1288 60).“

317 1300 448 1335 Plinius
475 1311 617 1346 corpore
645 1304 719 1335 erat
745 1299 908 1336 imbecillo
937 1303 972 1335 et
1001 1300 1116 1335 minus
1147 1300 1302 1345 robus-tog
1341 1300 1556 1344 quamobrem
1593 1300 1765 1335 Traianus
1797 1311 1887 1335 anno
1924 1302 2007 1341 111,

160 1371 234 1395 cum
262 1361 392 1395 Plinius
413 1362 624 1406 propraetor
651 1360 852 1404 provinciae
871 1360 1057 1406 Bithyniae
1084 1370 1157 1395 cum
1178 1361 1345 1395 consulari
1373 1363 1543 1403 potestate
1570 1364 1669 1401 esset,
1697 1362 1740 1395 ad
1765 1371 1840 1395 eum
1868 1361 2006 1404 scripsit

163 1419 213 1469 (X
243 1422 299 1464 18,
330 1419 382 1470 l):

319 1483 533 1526 „Cuperem
561 1483 647 1516 sine
675 1483 841 1527 querela
869 1480 968 1529 (nont
997 1481 1166 1531 querella)
1194 1482 1423 1526 corpusculi
1452 1483 1511 1516 tui
1540 1486 1577 1516 et
1605 1486 1762 1516 tuorum
1790 1483 2008 1526 pervenire

160 1544 199 1578 in
226 1544 460 1588 Bithyniam
487 1544 691 1587 potuisses
719 1554 764 1578 ac
791 1544 923 1578 simile
950 1544 1024 1577 tibi
1052 1544 1132 1577 iter
1159 1544 1205 1577 ab
1231 1544 1389 1586 Epheso
1416 1544 1672 1587 navigationi
1702 1544 1864 1584 fuisset,
1892 1554 2006 1588 quam

160 1607 352 1648 expertus
379 1613 506 1648 usque
534 1604 606 1638 illo
634 1607 758 1638 eras.“

320 1664 468 1708 Querela
494 1675 562 1698 non
589 1660 697 1698 solum
724 1665 958 1709 querimonias
983 1664 1081 1709 ipsas
1107 1664 1286 1707 significat,
1313 1665 1372 1698 sed
1392 1664 1494 1698 etiam
1521 1675 1625 1698 caras
1651 1667 1682 1698 et
1707 1664 1891 1704 molestias,
1918 1675 2008 1709 quae

161 1725 327 1770 querendi
350 1725 475 1760 ansam
502 1725 677 1769 praebent.

312 1785 532 1830 Aliquamdiu
559 1784 757 1831 infirmitate
776 1783 953 1820 oculorum
980 1782 1065 1831 (VII
1084 1785 1142 1826 21,
1166 1782 1203 1832 1)
1230 1784 1417 1825 laborabat,
1445 1788 1586 1828 propter
1602 1785 1863 1821 honestissimas
1882 1795 2007 1821 causa-s

160 1849 194 1881 et
221 1846 472 1882 lucubrationes
500 1849 686 1891 susceptas,
715 1846 838 1891 quibus
857 1848 891 1881 et
917 1849 1051 1881 ceterae
1069 1846 1316 1881 imbecillitates
1343 1846 1549 1881 valetudinis
1575 1846 1738 1881 maiorem
1765 1847 1855 1882 forte
1873 1850 2006 1892 partem

160 1907 379 1952 imputandae
406 1909 495 1943 sunt.

313 1967 368 2005 De
394 1969 501 2005 morte
528 1966 615 2004 nina
642 1967 727 2005 certi
753 1967 891 2005 scimus:
920 1978 982 2012 per
1012 1969 1118 2005 totum
1150 1970 1262 2004 autem
1300 1965 1451 2005 Traiani
1478 1966 1662 2015 imperium
1693 1970 1754 2006 aut
1776 1967 1886 2016 paulo
1913 1968 2005 2007 altra

89 2079 91 2083 Ι
159 2029 265 2066 vitam
285 2028 493 2076 prodam-sse
520 2028 665 2065 videtur.

312 2090 433 2126 Plures
459 2089 551 2125 locos
578 2089 753 2125 Plinianos
781 2089 1002 2135 interpretari
1029 2090 1165 2135 longum
1193 2092 1258 2133 est;
1286 2092 1323 2124 at
1349 2099 1401 2124 me
1420 2089 1604 2135 discipulos
1630 2091 1851 2138 superiorum
1867 2091 2004 2139 quidem

161 2150 323 2187 classium
350 2151 521 2196 impellere
548 2160 657 2195 spero,
690 2153 729 2185 ut
761 2151 862 2186 etiam
896 2151 985 2186 Plini
1019 2150 1240 2195 epistularum
1271 2150 1416 2185 lectione
1448 2151 1670 2193 delectentur,
1701 2153 1905 2197 praesertim
1931 2163 2006 2188 cum

161 2212 290 2246 Plinius
318 2214 353 2246 et
378 2212 533 2246 Marcum
567 2211 714 2245 Tullium
756 2211 919 2245 aemulari
951 2211 1073 2246 studiis
1106 2211 1275 2255 cupiverit
1314 2209 1380 2256 (IV
1409 2212 1442 2252 8,
1471 2209 1522 2260 4),
1567 2215 1603 2246 et
1632 2213 1726 2247 nulla
1756 2223 1794 2247 re
1827 2223 1935 2258 aeque
1966 2224 2007 2248 ac

159 2276 304 2307 naturae
332 2273 490 2315 operibus
519 2272 707 2305 delectatus
722 2272 766 2304 sit
786 2269 890 2317 (VIII
917 2273 975 2311 20,
999 2270 1062 2318 10)
1090 2275 1124 2305 et
1143 2272 1315 2315 egregium
1334 2269 1437 2317 (VIII
1457 2273 1491 2312 2,
1511 2271 1552 2320 2)
1574 2273 1610 2307 in
1627 2274 1746 2316 primis
1774 2284 1849 2308 esse
1875 2275 2008 2318 putarit

159 2336 197 2367 ut
224 2333 307 2367 foris
337 2333 387 2367 ita
414 2333 513 2373 domi,
540 2335 579 2366 ut
605 2332 639 2366 in
666 2332 799 2375 magnis
826 2332 876 2366 ita
902 2332 936 2366 in
964 2332 1091 2375 parvis,
1119 2335 1157 2367 ut
1186 2333 1219 2366 in
1249 2332 1369 2367 alienis
1396 2333 1446 2368 ita
1472 2333 1508 2368 in
1535 2334 1607 2368 suis
1633 2335 1769 2379 agitare
1795 2335 1970 2370 iustitiam.

314 2393 446 2433 Nissae‚
475 2392 590 2427 Idibus
618 2391 755 2427 Martiis
782 2392 862 2427 anni
890 2393 1223 2429 MDCCCLXXXII.
1578 2394 1695 2431 Felix
1723 2395 1902 2432 Koehler.
