2090 2607
987 63 990 64 γ
1019 15 1057 65 35,

110 138 267 172 Romana
285 137 459 180 praebent,
487 136 674 178 repetenda
692 139 782 170 sunt.
835 136 906 170 Res
934 136 1023 170 enim
1041 135 1131 170 inter
1156 147 1192 170 se
1216 124 1541 181 contram'as‘atque
1561 135 1736 181 omos-itas
1763 135 1801 169 in
1818 135 1967 171 medium

104 197 270 244 proferre
296 196 442 231 maxime
470 198 523 230 est
551 195 655 230 Plini.

264 254 482 291 Avunculum
510 264 608 289 suum
634 254 767 289 Plinius
795 255 928 290 sincero
956 256 1059 290 corde
1086 258 1227 300 totoque
1254 255 1366 290 animo
1395 255 1559 299 diligebat
1590 257 1625 290 et
1655 254 1692 289 in
1722 254 1744 289 l.
1776 254 1832 289 m
1863 264 1915 297 ep.
1944 255 1966 289 5

109 317 188 353 sibi
215 318 451 360 pergratum
478 314 755 355 esse‘affirmat‚
783 316 887 359 quod
905 315 1082 350 Baebius
1100 316 1239 351 Macer
1265 319 1345 351 tam
1372 316 1593 360 diligenter
1618 315 1746 350 libros
1773 314 1968 350 avunculi

109 377 286 416 lectitet,
312 378 357 410 ut
382 375 454 409 ille
471 375 622 409 habere
641 385 775 409 omnes
802 375 907 410 velit
935 379 1202 420 quaeratque,
1230 376 1297 420 qui
1325 376 1408 410 sint
1426 383 1573 410 omnes:
1602 385 1643 409 se
1669 375 1799 419 igitur
1816 374 1966 409 indicis

109 436 296 480 partibus
328 435 563 469 functurum
595 437 717 478 atque
750 435 886 475 etiam,
919 444 994 479 quo
1028 435 1110 470 sint
1142 436 1283 470 ordine
1316 435 1478 479 scripti,
1510 439 1647 470 notum
1676 434 1739 469 illi
1765 443 1854 469 esse
1881 433 1967 469 fac-

109 500 255 539 turum3
283 505 373 530 esse
400 495 502 529 enim
528 495 603 529 hoc
629 505 786 539 quoque
814 495 1014 530 studiosis
1042 506 1119 530 non
1146 496 1404 531 iniucundam
1431 495 1715 540 cognitionem.

264 555 404 590 Baebius
430 555 561 595 Macer,
590 556 634 589 ad
662 566 761 599 quem
779 556 1030 590 Riccardianus
1057 557 1136 591 libri
1162 556 1255 590 tertii
1280 556 1461 599 epistulam
1488 556 1641 600 quintam
1666 555 1805 590 missam
1831 564 1906 590 esse
1932 555 1968 589 in

109 617 219 651 indice
247 616 339 656 dicit,
372 626 394 650 a
425 615 536 650 Plinio
568 615 693 650 iterum
724 619 1009 651 commemoratur
1039 617 1074 651 in
1102 617 1123 651 l.
1151 617 1201 651 IV
1229 627 1280 660 ep.
1310 617 1342 657 9,
1373 617 1433 651 16:
1466 616 1626 657 „Censuit
1657 615 1807 651 Baebius
1839 615 1968 656 Macer,

109 677 227 712 consul
254 676 468 721 desiqnatus:
495 677 571 720 lege
597 678 865 719 repetundarum
891 678 1040 711 Bassum
1066 678 1185 717 teneri,
1213 678 1338 720 Caepio
1366 677 1490 720 Hispo:
1519 677 1618 712 salva
1644 676 1813 720 dignitate
1839 676 1967 710 iudices

109 737 255 779 dandos;
282 738 429 780 uterque
455 737 581 770 reste.“

270 796 388 837 „Tam
415 796 660 839 diligenter⁴⁴
692 796 803 839 inquit
830 796 972 836 Plinius,
1006 797 1154 836 „libros
1182 797 1375 832 avunculi
1401 797 1475 830 mei
1501 796 1685 836 lectitas,
1712 799 1755 830 ut
1782 806 1966 839 quaeraS,

109 855 178 900 qui
206 855 289 889 sint
318 856 490 889 omnes.“

266 915 429 950 Vaticani
456 916 582 950 codicis
610 916 711 950 lectio
730 916 814 950 haec
843 920 908 950 est:
943 917 1122 960 „quisunt
1141 918 1295 959 omnes“;
1322 917 1539 960 quamobrem
1566 917 1721 959 exempla
1743 919 1823 950 ante
1841 916 1968 950 Aldum

110 986 276 1018 expressa
303 976 371 1009 iam
403 978 629 1009 correxerunt
660 976 740 1018 „qui
773 976 881 1017 sint“;
922 986 1001 1009 nam
1033 986 1054 1009 a
1085 977 1190 1010 verbo
1222 980 1399 1020 „quaeras“
1431 976 1618 1009 enuntiatio
1651 975 1902 1019 interrogativa
1935 978 1969 1009 et

110 1035 349 1072 coniunctivus
368 1036 548 1079 dependet.
602 1035 766 1071 Attamen
794 1046 837 1071 ex
864 1036 1034 1072 Vaticano
1063 1036 1178 1071 codice
1196 1036 1402 1072 adiectivum
1429 1040 1590 1077 „omnes“‚
1619 1036 1710 1080 quod
1735 1036 1795 1071 illa
1814 1036 1968 1079 exempla

110 1097 283 1135 omittunt,
311 1096 542 1138 recipiendum
560 1099 627 1137 est;
654 1106 733 1130 nam
752 1097 913 1130 avunculi
935 1097 1098 1130 librorum
1124 1099 1327 1139 argumenta
1344 1096 1496 1130 breviter
1514 1096 1708 1139 astringens
1728 1096 1819 1135 dicit,
1847 1096 1965 1139 quales

111 1166 228 1192 omnes
256 1155 336 1197 sint,
364 1159 398 1190 et
425 1166 468 1190 ne
494 1166 599 1191 unum
627 1156 762 1200 quidem
789 1156 924 1191 silentio
952 1156 1204 1200 praetermittit.

266 1217 381 1258 Atque
409 1217 505 1254 adeo,
533 1226 600 1259 quo
629 1219 744 1249 essent
770 1217 889 1249 ordine
915 1217 993 1249 libri
1020 1217 1148 1258 scripti,
1176 1217 1306 1249 Plinius
1325 1217 1397 1258 ipse
1424 1216 1635 1249 indicaturus
1654 1219 1739 1256 erat,
1767 1216 1866 1259 quasi
1892 1216 1965 1259 ipse

86 1270 90 1274 ⁴
111 1276 260 1311 adesset.

266 1336 411 1370 Haesito
440 1346 485 1369 an
513 1337 598 1370 haec
618 1336 790 1369 sententia
809 1336 937 1370 verbis:
966 1336 1110 1375 „indicis
1126 1336 1288 1381 partibus
1312 1335 1464 1380 funqar“
1491 1336 1581 1375 insit,
1610 1346 1686 1370 cum
1713 1336 1771 1369 alii
1802 1336 1968 1377 „indicem

111 1396 201 1430 idem
233 1396 429 1439 significare
470 1396 561 1438 quod
598 1396 815 1439 catalogum“
861 1396 1077 1434 contendant,
1119 1396 1168 1429 ita
1200 1399 1322 1435 tamen,
1363 1399 1402 1429 ut
1433 1405 1485 1429 me
1517 1396 1650 1439 quidem
1689 1396 1800 1429 iudice
1836 1396 1967 1430 Plinius

112 1456 330 1491 amanuensis
358 1456 433 1489 loco
461 1455 591 1489 Baebio
620 1465 695 1490 esse
722 1455 816 1491 velit.

70 1509 72 1511 ’
267 1515 438 1556 „Noturw‘
469 1515 602 1550 Plinius
638 1515 712 1559 ipse
744 1515 865 1559 inquit,
906 1515 1000 1556 „tibi
1033 1515 1193 1557 faciam;
1233 1518 1294 1550 est
1326 1514 1426 1550 enim
1467 1515 1539 1550 hoc
1571 1524 1728 1560 quoque
1769 1514 1966 1551 studiosis

113 1587 190 1611 non
217 1577 440 1610 iniucunda
468 1576 684 1618 cognitio.“

268 1636 383 1671 Codex
411 1635 587 1671 Mediceus
614 1636 671 1671 vel
697 1635 968 1676 Laurentianus,
997 1635 1050 1670 cui
1078 1635 1227 1670 maxima
1258 1635 1446 1670 auctoritas
1474 1636 1518 1671 ad
1550 1636 1732 1680 genuinam
1764 1636 1969 1681 scripturam

113 1697 344 1740 indagandam
372 1697 554 1731 tribuenda
581 1699 644 1737 est,
672 1697 824 1731 exhibet:
857 1699 932 1738 „est
964 1697 1051 1730 enim
1082 1697 1145 1730 hoc
1176 1706 1243 1730 non
1269 1696 1453 1730 iniucunda
1485 1696 1675 1739 cognitio“;
1702 1697 1824 1740 reliqui
1852 1700 1967 1731 autem

114 1756 248 1791 codices
276 1766 391 1791 omnes
420 1759 455 1790 et
474 1756 578 1790 editio
605 1755 735 1790 Aldina
761 1755 851 1790 hanc
876 1755 1054 1790 lectionem
1079 1756 1258 1798 praebent:
1292 1758 1366 1798 „est
1392 1755 1480 1790 enim
1507 1755 1593 1790 haec
1624 1765 1758 1800 quoque
1788 1766 1857 1791 non
1882 1756 1970 1792 iniu-

114 1817 228 1851 cunda
259 1817 445 1860 cognitio“,
478 1816 721 1851 attractionem
754 1815 1061 1850 demonstrativam
1080 1813 1339 1860 intellegentes.
1393 1816 1584 1850 Pronomen
1617 1818 1731 1851 autem
1759 1816 1789 1851 si
1816 1826 1857 1852 ea
1884 1822 1972 1861 quae

115 1877 322 1912 antecedunt
347 1877 512 1912 universa
530 1876 778 1920 complectitur,
805 1876 841 1911 in
868 1878 991 1910 neutro
1018 1885 1142 1920 genere
1165 1876 1257 1910 haud
1284 1886 1364 1911 raro
1382 1876 1531 1920 positum
1558 1879 1619 1917 est,
1647 1879 1683 1912 et
1700 1877 1832 1912 Plinius
1860 1877 1972 1912 dicere

116 1936 268 1971 videtur:
301 1937 504 1978 „iucundum
531 1946 618 1977 esse,
650 1939 691 1971 ut
722 1936 837 1976 etiam,
870 1945 937 1980 quo
970 1936 1040 1970 sint
1066 1935 1183 1970 ordine
1215 1936 1292 1970 libri
1323 1936 1452 1980 scripti,
1483 1936 1540 1970 ille
1572 1933 1649 1983 (sel.
1680 1934 1817 1984 Macer)
1849 1937 1969 1972 sciat.“

116 1997 186 2031 Hic
211 1996 388 2031 Plinianus
414 1997 509 2032 locus
537 2008 613 2032 cum
631 1997 764 2041 Vergili
792 1993 895 2042 (Aen.
924 1997 980 2030 ΠΙ
1000 1994 1105 2042 173);
1138 2007 1222 2038 „nec
1248 2008 1351 2040 sopor
1377 1997 1461 2032 illud
1488 2000 1565 2031 erat
1591 1994 1667 2042 (scl.
1687 1998 1871 2031 attonitum
1898 2008 1973 2032 esse

117 2055 203 2091 visis
230 2058 265 2089 et
291 2065 374 2090 voce
401 2054 580 2104 deorum)“
615 2059 651 2091 et
676 2056 757 2091 Livi
785 2052 839 2102 (Π
867 2055 927 2095 38,
957 2053 996 2102 5)
1028 2056 1219 2099 comparari
1246 2059 1373 2100 potest:
1406 2056 1518 2099 „Quid
1546 2056 1667 2091 deinde
1693 2056 1777 2091 illud
1803 2066 1872 2091 non
1897 2066 1973 2091 suc-

117 2115 228 2151 currit
254 2115 372 2151 vivere
399 2127 471 2157 nos,
498 2118 589 2161 quod
615 2117 861 2152 maturarimus
888 2115 1083 2159 proficisci?
1115 2137 1165 2142 —
1198 2117 1227 2151 si
1258 2117 1323 2152 hoc
1355 2114 1432 2163 (scl.
1459 2117 1550 2161 quod
1576 2117 1825 2152 maturavimus
1851 2118 1972 2161 profis-

116 2174 215 2223 cisci)
252 2176 418 2219 profectio
455 2180 491 2211 et
525 2188 593 2211 non
634 2177 718 2222 fuga
754 2179 840 2212 est.“
897 2177 950 2211 De
982 2177 1047 2211 hac
1083 2187 1119 2211 re
1152 2177 1229 2212 vide
1267 2178 1523 2212 adnotationem
1556 2178 1640 2218 333,
1678 2188 1780 2222 quam
1812 2177 1972 2213 Haasius

118 2236 360 2272 subtilissimus
388 2237 605 2281 antiquitatis
624 2238 855 2283 investigator
882 2240 986 2281 atque
1014 2237 1227 2273 existimator
1245 2238 1389 2283 Reisigii
1416 2239 1545 2273 latinae
1568 2239 1813 2283 grammaticae
1836 2239 1972 2274 adiecit.

274 2297 527 2340 Discipulorum
555 2298 721 2333 interesse
749 2299 871 2342 opinor
898 2297 995 2338 scire,
1023 2309 1108 2343 quos
1134 2298 1239 2334 libros
1265 2299 1443 2344 scripserit
1471 2298 1611 2334 Plinius
1637 2299 1766 2334 Maior.

279 2358 359 2401 „De
376 2357 628 2394 iaculatione
647 2359 830 2404 equestri
857 2359 996 2402 unus;“
1027 2359 1144 2400 hunc,
1173 2369 1257 2394 cum
1275 2359 1508 2403 praefectus
1533 2359 1622 2395 alae
1641 2359 1856 2400 militaret,
1884 2360 1974 2404 pari

116 2418 284 2463 ingenio
311 2428 490 2462 curaque
518 2420 757 2462 composuit.
