2090 2607
1016 90 1123 145 14ν

110 215 237 254 tenebit,
266 224 353 258 quae
381 217 433 248 est
451 214 540 248 inter
558 213 704 248 nimium
726 217 757 249 et
777 225 928 259 parumj
956 225 1043 258 quae
1070 216 1183 258 placet
1201 215 1440 258 Peripateticis
1459 218 1493 249 et
1510 218 1603 249 recte
1629 216 1773 258 placet.“
1818 216 1957 249 Germa-

111 275 221 307 nicum
248 273 479 316 proverbium:
521 274 607 313 „Die
634 274 880 308 Mittelstrasse
912 275 958 307 ist
991 275 1044 308 die
1071 275 1188 308 beste“
1233 275 1330 308 nobis
1363 274 1465 308 etiam
1497 274 1576 308 licet
1606 272 1769 308 vertere:⁴
1797 273 1958 318 „Optima

111 332 260 368 condicio
289 335 337 367 est
364 332 452 367 vitae
478 332 661 368 mediocris
687 333 862 368 lmbenda“
890 337 963 368 aut:
991 333 1165 374 „Medium
1191 336 1327 369 tenuere
1353 334 1469 369 beati.“

135 386 140 389 ⁶
263 392 346 426 Non
378 404 567 437 numquam
602 394 803 433 necessitati,
835 405 922 438 quae
948 405 1039 438 pars
1070 395 1217 428 rationis
1248 397 1304 434 est,
1331 395 1450 439 parui.
1504 395 1599 428 Haec
1631 395 1736 428 verba
1767 394 1838 427 fere
1870 394 1957 427 idem

109 453 226 487 valent
244 454 334 496 quod
361 453 527 498 „tempori
544 453 657 487 cess-‘if‘
711 453 836 487 Confer
855 454 1049 488 Ciceronem
1069 451 1130 499 (ad
1149 454 1254 488 famil.
1282 455 1331 488 IV
1360 452 1414 501 9):
1443 453 1667 494 „Necessitati
1677 463 1807 498 parere
1825 463 1959 498 semper

107 514 273 560 sapientis
287 516 335 548 est
354 513 527 549 Ιιαὸὶιτιπιί
554 516 589 548 et
604 514 847 556 Quintilianum
864 515 897 560 (I
918 512 972 562 8):
1006 515 1273 558 „Metaplasmos
1293 515 1379 549 enim
1399 517 1433 549 et
1452 514 1703 550 schematismos
1723 517 1758 548 et
1776 514 1958 554 schemata,

107 578 146 608 ut
173 575 253 614 dixi,
282 585 445 608 vocamus
474 578 506 608 et
539 574 676 609 laudem
712 575 845 609 virtutae
878 576 1070 609 neces-sitan·
1100 576 1232 615 damus,
1265 576 1323 609 sed
1357 579 1395 609 ut
1428 578 1636 609 commoneat
1669 574 1897 608 artificialium
1924 578 1956 608 et

108 634 305 669 memoriam
333 635 475 678 agitet.“

266 695 364 738 „Egi
392 695 516 728 eni1n“
548 695 662 738 pergit
690 695 830 735 Plinius,
858 696 1047 738 quasdam
1077 693 1131 740 (so
1161 694 1317 741 manche)
1350 705 1494 729 causas
1526 706 1547 729 a
1578 698 1722 728 senatu
1755 694 1890 728 iussus
1919 692 1956 740 (i.

107 765 136 789 e.
155 755 353 789 necessitati
372 753 526 801 parens),
555 765 630 798 quo
659 759 787 789 tamen
816 755 854 788 in
882 765 1043 789 numero
1073 753 1151 801 (pro
1175 766 1312 797 „eorum
1331 756 1364 789 in
1383 754 1560 802 numero)“
1591 755 1764 795 fuerunt,
1792 756 1828 789 ut
1855 754 1958 789 etiam

109 815 241 859 inqenio
269 826 341 849 meo
370 814 583 854 indulserim,
625 825 671 849 ex
704 816 775 849 illa
807 816 1014 850 Thraseae
1047 816 1262 856 divisione,
1302 816 1375 849 hoc
1407 818 1466 850 est
1501 816 1548 849 ad
1581 815 1798 858 exemplum
1831 814 1956 858 perti-

107 879 284 911 nentes.⁴‘

263 938 372 977 Quam
401 937 670 970 enuntiationem
698 937 761 970 hoc
788 938 886 970 modo
914 937 1135 979 interpretor:
1171 937 1388 980 „Complures
1421 946 1542 970 causas
1575 937 1627 980 egi
1656 936 1799 979 tempori
1826 936 1957 975 cedens,

107 996 141 1030 in
175 996 298 1040 quibus
331 996 489 1040 quamvis
521 999 718 1031 senatorum
751 997 895 1031 maxime
927 997 1063 1031 intersit
1094 997 1176 1030 nihil
1208 997 1273 1031 nisi
1310 997 1434 1030 iustum
1467 996 1688 1039 comprobari,
1730 996 1957 1030 numerandae

107 1060 189 1091 sunt
215 1057 319 1091 etiam
348 1058 392 1091 ad
421 1058 621 1100 exemplum,
654 1058 674 1090 i.
708 1068 736 1091 e.
770 1058 814 1091 ad
845 1058 1023 1091 honestum
1057 1060 1090 1090 et
1122 1060 1220 1100 turpe
1252 1057 1475 1091 inducendum
1504 1057 1721 1099 pertinentes,
1749 1059 1788 1090 ut
1814 1056 1957 1099 tempon’

108 1118 230 1152 cedens
259 1120 363 1161 atque
392 1118 490 1152 simul
517 1117 656 1161 ingenio
684 1128 757 1152 meo
785 1118 966 1161 indulgens
994 1118 1202 1152 servaverim
1231 1120 1562 1160 temperamentuin.“

262 1178 414 1213 Gravius
442 1178 750 1222 interpungendum
770 1182 845 1213 erat
872 1179 962 1213 inter
980 1180 1146 1213 vocabula
1179 1190 1221 1220 „a
1248 1182 1369 1213 senatu
1388 1179 1509 1218 iussus,
1538 1188 1605 1222 quo
1625 1182 1737 1212 tamen
1765 1177 1799 1211 in
1818 1188 1957 1212 numero

106 1239 281 1279 fuerunt“,
310 1248 376 1282 quo
395 1239 530 1273 facilius
558 1239 658 1273 huius
686 1239 751 1273 loci
777 1249 896 1273 sensus
923 1239 1031 1282 primo
1052 1241 1171 1273 obtutu
1198 1240 1395 1283 perspicuus
1423 1242 1457 1273 et
1475 1239 1641 1273 dilucidus
1668 1239 1775 1273 fieret.
1829 1240 1956 1273 Oasau-

106 1299 184 1333 boni
213 1299 409 1334 coniectura
454 1309 564 1343 „quae
592 1299 693 1333 tertio
727 1300 761 1333 in
789 1310 928 1333 numero
969 1300 1127 1333 fuerunt“
1159 1300 1259 1342 paulo
1290 1300 1446 1333 licentius
1479 1300 1572 1333 tacta
1604 1309 1679 1333 esse
1710 1309 1818 1343 neque
1845 1309 1956 1333 rerum

106 1370 272 1394 conexum
299 1360 400 1394 huius
427 1360 493 1393 loci
521 1370 664 1402 prorsus
692 1363 810 1402 aptum
838 1361 980 1393 reddere
1008 1360 1154 1394 videtur.

262 1421 393 1455 Plinius
422 1421 571 1465 quinque
599 1421 763 1455 eiusmodi
792 1431 915 1455 causas
944 1424 1118 1455 enumerat
1146 1418 1211 1466 (VI
1241 1422 1298 1461 29,
1327 1419 1484 1467 8—11)2

265 1480 408 1522 „Adfui
438 1478 544 1526 (anno
579 1479 644 1527 93)
676 1481 860 1514 Baeticis
902 1484 1045 1514 contra
1077 1481 1265 1515 Baebium
1299 1481 1487 1514 Massam:
1530 1481 1758 1523 quaesitum
1791 1484 1866 1520 est,
1910 1491 1958 1514 an

107 1540 238 1575 danda
265 1544 374 1575 esset
401 1540 630 1584 inquisitio;
659 1541 754 1575 data
782 1544 858 1575 est.

259 1601 382 1635 Adfui
428 1611 572 1635 rursus
619 1600 827 1647 (Septembri
873 1602 945 1634 fere
991 1611 1020 1634 a.
1068 1601 1133 1648 99)
1189 1601 1330 1635 iisdem
1380 1602 1644 1645 querentibus
1690 1602 1736 1635 (le
1781 1601 1959 1636 Caecilio

106 1662 299 1696 Classico:
342 1662 570 1705 quaesitum
612 1665 689 1702 est,
731 1673 780 1696 an
813 1662 1089 1705 provinciales
1117 1665 1157 1696 ut
1199 1663 1331 1696 socios
1372 1663 1662 1706 ministrosque
1702 1662 1959 1705 proconsulis

105 1723 228 1765 plecti
257 1726 483 1766 oporteret:
512 1733 668 1766 poenas
696 1724 873 1757 luerunt.

260 1784 463 1819 Accusavi
505 1781 692 1830 (mensibus
720 1784 815 1819 Maio
843 1794 873 1818 a.
905 1784 951 1818 99
987 1786 1020 1817 et
1052 1784 1218 1817 Januario
1250 1794 1280 1818 a.
1312 1782 1401 1831 100)
1442 1783 1615 1818 Marium
1656 1783 1852 1824 Priscum,
1894 1783 1960 1827 qui

106 1844 194 1887 lege
238 1842 556 1887 repetundarum
605 1846 819 1879 damnatus
865 1844 1061 1878 utebatur
1109 1844 1319 1878 clementia
1368 1844 1487 1887 legis,
1532 1843 1645 1878 cuius
1695 1843 1960 1879 severitatem

105 1904 356 1939 immanitate
384 1905 597 1939 criminum
625 1901 662 1950 (i.
692 1915 719 1939 e.
748 1904 907 1950 quamvis
935 1904 1083 1938 crimina
1110 1904 1279 1939 inmania
1306 1907 1336 1939 ct
1363 1904 1515 1949 inffentia
1547 1905 1676 1947 essent)
1710 1907 1960 1945 excesserat3

105 1964 316 2008 relegatus
344 1968 420 1998 est.

260 2025 407 2060 Tuitus
440 2035 523 2060 sum
555 2022 665 2072 (circa
696 2035 821 2060 annum
858 2023 949 2072 105)
982 2025 1132 2059 Julium
1164 2026 1333 2060 Bassum
1369 2029 1412 2060 ut
1445 2025 1738 2060 incustoditum
1770 2024 1889 2060 nimis
1921 2027 1961 2059 et

104 2085 325 2126 incautum,
366 2086 425 2120 ita
452 2086 611 2120 minime
638 2087 795 2129 malum;
836 2086 1040 2121 iudicibus
1068 2083 1144 2131 (scl.
1172 2084 1489 2133 centumviralibus)
1517 2085 1703 2129 acceptis
1743 2086 1782 2120 in
1814 2088 1959 2120 senatu

104 2146 315 2181 remansit.

257 2206 352 2242 Dixi
381 2207 563 2250 proxime
591 2204 639 2253 (a.
671 2205 760 2255 106)
802 2217 872 2251 pro
906 2207 1066 2242 Vareno
1101 2207 1353 2250 postulante,
1394 2211 1437 2242 ut
1465 2207 1543 2242 sibi
1584 2207 1758 2243 invicem
1785 2216 1961 2243 evocare

106 2270 236 2302 testes
263 2268 425 2310 liceret;
452 2268 713 2311 impetratum
742 2273 802 2302 est
830 2265 929 2313 (nont
963 2268 1222 2310 „impe1·atum“‚
1250 2271 1288 2302 ut
1315 2269 1421 2302 codex
1449 2267 1653 2302 Dresdensis
1681 2265 1848 2314 scribit).“

259 2328 562 2362 senatusconsulto
602 2328 943 2362 honorificentissimo
984 2327 1251 2371 provincialibus
1301 2331 1468 2371 patronus
1510 2329 1612 2362 datus
1652 2327 1784 2362 Plinius
1824 2328 1959 2362 accolas

104 2387 224 2421 Baetis
257 2387 351 2423 fluvii
393 2389 450 2432 qui
482 2388 584 2423 hodie
629 2388 923 2432 „Guadalquivir·⁴
960 2388 1164 2428 nominatur,
1205 2389 1248 2422 ab
1285 2388 1418 2422 iniuriis
1449 2388 1556 2423 Baebi
1589 2389 1728 2423 Massae
1769 2391 1803 2423 et
1834 2387 1959 2423 Caecili

105 2447 248 2483 Classici
277 2449 436 2482 defendit.

259 2508 313 2542 De
340 2508 469 2543 Baebio
496 2508 622 2545 Massa
649 2509 732 2544 dicit
759 2509 917 2544 Tacitus:
