2090 2607
1015 16 1037 50 2

248 134 397 169 Plinium
415 134 535 169 Romae
553 136 750 169 versantem
768 134 953 170 maximum
971 136 1177 171 desiderium
1195 137 1336 172 tenebat
1353 136 1465 171 lacum
1482 135 1625 171 Larium
1642 134 1786 171 visendi.
1830 135 1955 181 Itaque

91 195 113 230 1.
141 196 177 230 Π
205 206 256 238 ep.
288 195 309 230 8
337 206 379 229 ex
407 196 550 230 Caninio
579 206 640 230 suo
669 196 807 239 quaerit:
841 197 1011 238 „Studes
1039 194 1116 243 (sel.
1143 196 1298 245 litteris),
1327 208 1376 232 an
1402 197 1594 240 piscaris,
1622 207 1671 231 an
1698 196 1877 237 venaris,
1905 207 1959 232 an

92 255 211 290 simul
237 254 391 289 omnia?
446 256 626 290 Possunt
654 255 757 290 enim
784 255 915 290 omnia
942 256 1039 291 fieri
1066 257 1116 292 ad
1134 257 1297 292 Larium
1324 259 1525 300 nostrum;
1552 266 1641 291 nam
1666 256 1780 291 lacus
1806 256 1955 300 pisces,

91 317 202 351 feras
230 317 374 357 silvae,
407 317 553 360 quibus
581 317 695 351 lacus
724 317 922 361 cingitur,
966 319 1106 353 studia
1133 314 1360 353 altissimus
1388 315 1487 363 (nont
1526 318 1630 352 studii
1658 309 1890 358 amisissimus,
1916 321 1956 351 ut

91 377 199 410 codex
226 376 431 410 Dresdensis
460 375 595 423 scribit)
623 377 703 410 iste
731 386 919 411 secessus
948 378 1111 412 affatim
1139 380 1403 422 suggerunt.·‘

248 437 392 471 Studere
420 447 495 470 cum
514 437 633 471 dativo
652 447 836 480 numquam
860 448 928 471 non
948 438 1221 481 coniungendum
1248 442 1310 473 est.
1365 439 1431 471 Sed
1449 437 1581 471 Plinius
1610 434 1645 483 (I
1664 438 1696 477 6,
1717 438 1755 479 2;
1782 437 1818 470 Π
1839 437 1896 477 13,
1918 438 1955 479 5;

90 496 141 531 IV
170 497 228 538 13,
257 497 293 539 33
325 497 394 531 VII
423 497 456 537 9,
487 494 525 544 1)
558 497 717 540 illiusque
750 497 865 531 aetatis
899 498 1085 541 scriptores
1119 495 1234 545 (Suetz
1268 498 1343 532 Tib.
1373 498 1435 540 613
1469 498 1589 532 Senec:
1623 507 1675 541 ep.
1705 495 1770 544 94)
1799 496 1955 531 absolute

92 558 265 591 adhibent.

244 617 301 651 An
328 618 429 651 simul
456 616 592 651 omnia?
633 618 785 651 Verbum
815 617 945 662 „facis“
973 618 1199 661 supplendum
1231 624 1292 659 est,
1329 619 1418 661 quod
1445 628 1546 662 saepe
1579 618 1677 657 deest,
1711 617 1739 650 si
1768 617 1951 652 vocabula:

87 677 200 719 „nihil
226 670 320 712 aliud
348 688 460 721 quam,
493 678 575 721 quid
608 678 701 712 aliud
733 688 845 721 quam,
887 678 971 712 nihil
1007 679 1152 721 amplius
1184 681 1306 722 quam“
1342 679 1432 712 inter
1472 688 1509 712 se
1542 680 1776 712 conectuntur.
1830 677 1957 712 Confer

84 736 165 772 -Liv.
194 738 231 772 H
250 738 309 775 32,
340 738 377 772 9:
411 738 613 780 „Menenius
637 738 794 782 Agrippa
822 748 985 772 narrasse
1012 739 1124 772 fertur
1151 739 1347 782 indignatas
1375 738 1524 781 reliquas
1543 740 1661 780 partes
1681 747 1744 771 sua
1772 747 1864 777 cura,
1892 746 1957 770 suo

85 798 208 833 ‘labore
236 809 276 834 ac
304 798 494 833 ministerio
513 799 630 834 ventri
649 799 762 834 onmia
781 799 911 843 quaeri,
940 803 1096 834 ventrem
1114 800 1149 833 in
1177 800 1285 834 medio
1305 799 1457 843 quietum
1484 798 1570 833 nihil
1597 798 1695 833 alind
1722 794 1798 844 (sel.
1822 796 1957 845 facere)

89 870 194 904 quam
223 859 314 893 datis
342 860 581 902 voluptatibus
609 860 711 893 frui.“

245 920 359 954 Lacus
387 920 499 963 pisces
527 920 698 963 suggerit;
727 930 795 954 non
822 920 994 963 intellego,
1023 920 1104 963 quid
1131 920 1194 953 sibi
1228 920 1312 954 velit
1339 919 1437 954 lectio
1466 919 1626 953 Vaticani
1654 918 1780 953 codicis
1813 918 1954 960 „laucus

87 980 238 1022 piscem“
269 983 305 1014 et
332 980 480 1014 Medicei
513 981 613 1022 „lacu
645 980 805 1022 piscem.“
864 980 939 1013 Sed
972 980 1058 1013 sive
1091 980 1222 1013 omnia
1255 980 1372 1013 simul
1405 979 1491 1014 sive
1524 979 1685 1021 aliquid
1712 974 1832 1018 facis,
1878 988 1955 1012 non

88 1048 251 1082 possum
278 1040 416 1074 dicere
448 1040 679 1082 „invideo“;
708 1050 836 1083 angor
863 1042 996 1073 tamen
1024 1049 1101 1073 non
1130 1042 1167 1073 et
1195 1039 1288 1072 mihi
1317 1039 1453 1079 licere,
1482 1048 1583 1082 quae
1612 1038 1669 1072 sic
1697 1038 1955 1081 concupisco,

89 1103 133 1134 ut
152 1100 266 1144 aegri
287 1097 512 1146 (Dresdensis
532 1101 655 1135 codex:
677 1098 798 1147 aeger)
818 1100 953 1134 vinum
972 1099 1133 1133 balinea
1151 1099 1296 1133 fontes.
1348 1099 1611 1142 Nunquamne
1629 1099 1700 1132 hos
1720 1098 1955 1132 artissimos

88 1159 275 1202 laqueos,
304 1160 338 1193 si
366 1160 529 1194 solvere
557 1163 749 1203 negatur,
778 1158 1033 1202 abrumpam?
1061 1168 1285 1201 numquam,
1313 1161 1425 1201 puto.
1481 1158 1576 1192 Nam
1595 1157 1804 1192 veteribus
1831 1167 1954 1201 nego-

89 1220 161 1254 tiis
203 1230 307 1255 nova
349 1221 613 1260 adcrescunt,
655 1230 728 1254 nec
765 1223 897 1254 tamen
933 1219 1072 1262 priora
1103 1223 1371 1263 peraguntur:
1415 1222 1479 1253 tot
1515 1219 1700 1259 nexibus,
1740 1221 1803 1253 tot
1838 1219 1955 1262 quasi

54 1282 57 1285 ⁴
86 1280 247 1315 catenis
274 1281 403 1315 maius
431 1281 470 1314 in
499 1281 586 1314 dies
614 1280 929 1323 occupationum
957 1290 1096 1323 agmen
1124 1280 1359 1314 extenditur
1386 1277 1484 1325 (nont
1515 1277 1735 1326 ostenditur).
1763 1279 1866 1313 vale.

245 1340 362 1375 Editio
390 1341 549 1375 Romana
577 1341 718 1375 aberrat
737 1340 904 1374 scribens:
938 1340 1032 1382 „sive
1060 1340 1173 1374 omnia
1191 1340 1291 1374 simul
1319 1340 1392 1375 sive
1411 1340 1504 1374 aliud
1531 1339 1658 1382 facis“;
1685 1349 1763 1373 nam
1784 1339 1826 1373 de
1843 1338 1954 1373 tribus

86 1402 192 1435 rebus
225 1401 351 1444 agitur,
394 1402 436 1435 de
469 1402 638 1435 studendo
671 1401 727 1436 vel
763 1401 927 1443 piscando
966 1401 1020 1435 vel
1056 1402 1223 1441 venando,
1265 1404 1369 1444 atque
1404 1401 1515 1443 ipsam
1550 1400 1729 1434 lectionem
1764 1400 1956 1433 Florentini

94 1461 246 1503 „facias“
279 1462 403 1496 falsam
431 1472 506 1496 esse
534 1462 733 1505 perpicuum
761 1463 823 1495 est.

245 1523 286 1555 In
314 1522 392 1556 libri
420 1523 456 1556 II
483 1532 535 1565 ep.
568 1523 612 1556 17
643 1522 744 1555 Gallo
773 1531 835 1555 suo
869 1521 1094 1562 „Mi1·aris,“
1132 1521 1264 1555 Plinius
1291 1522 1410 1564 inquit,
1449 1531 1542 1562 „cur
1573 1531 1630 1554 me
1663 1520 1955 1554 Laurentinum

85 1583 168 1623 vel,
210 1582 243 1617 si
271 1583 329 1617 ita
362 1583 506 1624 mavis,
548 1584 734 1617 Laurens
776 1592 901 1616 meum
935 1585 1049 1616 tanto
1092 1592 1212 1624 opere
1244 1582 1437 1616 delectet:
1481 1581 1641 1615 desines
1673 1580 1830 1621 mirari,
1872 1590 1957 1615 cum

83 1644 334 1685 ¹cognoveris
376 1644 554 1686 gratiam
594 1644 736 1682 villae,
780 1642 1134 1684 opportunitatem
1175 1642 1268 1680 loci,
1309 1642 1448 1675 litoris
1490 1641 1678 1684 spatium.
1732 1642 1877 1674 Decem
1917 1644 1955 1673 et

84 1706 243 1745 septem
271 1704 434 1737 milibus
454 1713 645 1746 passuum
674 1704 722 1737 ab
749 1703 850 1736 urbe
870 1701 1058 1741 secessit,
1085 1704 1128 1735 ut
1146 1702 1327 1744 peractis
1347 1711 1449 1745 quae
1477 1701 1636 1745 agenda
1653 1700 1811 1735 fuerint
1838 1700 1953 1735 salvo

84 1763 166 1798 iam
199 1767 237 1798 et
277 1764 500 1807 composito
539 1764 602 1798 die
642 1763 777 1807 possis
810 1763 866 1796 ibi
900 1772 1075 1796 manere.
1129 1763 1280 1797 Aditur
1312 1773 1389 1797 non
1419 1772 1498 1796 una
1533 1762 1615 1797 via:
1656 1772 1744 1796 nam
1778 1764 1818 1795 et
1849 1761 1955 1795 Lau-

83 1824 254 1858 :rentina
295 1827 335 1858 et
367 1824 573 1859 Ostiensis
614 1824 749 1858 eodem
781 1823 936 1863 ferunt,
978 1823 1046 1856 sed
1078 1823 1334 1858 Laurentina
1375 1833 1397 1857 a
1428 1825 1577 1866 quarto
1615 1822 1765 1857 decimo
1805 1821 1954 1865 lapide,

86 1883 295 1920 ostiensis
324 1885 371 1919 ab
400 1884 610 1919 undecimo
638 1883 912 1928 relinquenda
940 1884 1035 1917 est.“

247 1945 433 1980 Petronius
451 1946 534 1989 ipse,
562 1956 662 1988 quem
681 1946 838 1979 similiter
865 1955 920 1979 ac:
949 1944 1072 1978 maitre
1091 1945 1132 1978 de
1155 1945 1277 1987 plaisir
1295 1944 1470 1989 eleyantioe
1493 1944 1665 1979 arbitrum
1693 1943 1801 1977 fuisse
1819 1942 1958 1977 Neroni

84 2005 225 2046 scimus,
252 2005 289 2039 in
316 2006 434 2039 satiris
459 2006 530 2040 suis
557 2007 665 2041 verba
697 2006 748 2048 „si
774 2006 825 2040 ita
847 2005 981 2040 mavis“
1012 2015 1177 2048 persaepe
1201 2006 1369 2049 adhibuit3
1401 2005 1517 2040 Cicero
1547 2007 1661 2039 autem
1687 2003 1803 2039 verbis
1829 2003 1953 2037 utitur:

58 2062 63 2069 ⁸
87 2067 142 2107 „si
165 2066 218 2101 ita
242 2066 420 2106 videbam,
448 2066 483 2101 si
507 2066 558 2100 ita
584 2066 696 2101 visam
720 2066 858 2111 sacraf‘

246 2127 377 2162 Gratia
408 2127 581 2172 significat
621 2127 725 2162 villae
761 2127 1018 2162 Laurentianae
1050 2126 1306 2161 incandidatem
1346 2138 1388 2162 ac
1427 2125 1652 2172 splendorem.
1706 2125 1809 2159 Cuius
1850 2124 1954 2159 villae

85 2188 377 2232 ‹mportunitatem
416 2197 685 2222 commemorans
720 2188 853 2222 Plinius
894 2198 1002 2231 aeque
1035 2187 1080 2221 ad
1104 2187 1402 2232 propinquitatem
1433 2188 1574 2227 Romae,
1616 2186 1745 2226 Ostiae,
1785 2186 1952 2219 Laurenti

89 2249 225 2290 spectat
243 2249 347 2291 atque
374 2248 419 2283 ad
437 2258 595 2283 amoenas
621 2248 706 2288 vias,
734 2257 822 2291 quae
842 2258 881 2282 eo
908 2248 1076 2283 ferebant.
1132 2247 1291 2293 Spatium
1317 2246 1429 2283 litoris
1448 2251 1501 2282 est
1527 2248 1617 2282 idem
1645 2247 1736 2291 quod
1762 2245 1950 2291 spatiosum

86 2307 189 2351 litu&
229 2317 309 2341 nam
339 2308 413 2341 loco
446 2308 608 2344 adiectivi
644 2308 842 2352 germanici,
875 2308 904 2342 si
935 2308 1097 2352 graviore
1130 2308 1164 2343 vi
1196 2311 1393 2350 usurpatur,
1435 2308 1545 2343 latina
1580 2307 1699 2352 lingua
1737 2305 1953 2341 substantivo

87 2371 266 2404 abstracto
294 2368 414 2409 utitur,
441 2370 563 2404 veluti:
596 2370 748 2413 „Milites
780 2370 848 2410 ubi,
881 2373 1045 2414 quantum
1073 2369 1259 2404 storiarum
1287 2369 1444 2404 demissio
1478 2368 1614 2414 (storioe
1641 2368 1816 2412 demissae)
1844 2368 1952 2411 patie-

86 2432 201 2471 batur,
229 2432 365 2465 tantum
393 2429 571 2465 elevarant
598 2432 705 2465 turris
733 2433 869 2472 tectum,
898 2431 1048 2474 parietes
1077 2430 1243 2465 lateribus
1272 2431 1497 2465 exstruebant
1523 2427 1637 2477 (Caes.
1666 2430 1697 2464 b.
1725 2440 1753 2464 c.
1782 2430 1819 2463 II
1842 2430 1875 2469 9,
1902 2428 1953 2476 6).
