<?xml version="1.0" encoding="UTF-8"?>
<!DOCTYPE html PUBLIC "-//W3C//DTD XHTML 1.0 Transitional//EN"
    "http://www.w3.org/TR/xhtml1/DTD/xhtml1-transitional.dtd">
<html xmlns="http://www.w3.org/1999/xhtml" xml:lang="en" lang="en">
 <head>
  <title>
</title>
<meta http-equiv="Content-Type" content="text/html;charset=utf-8" />
  <meta name='ocr-system' content='tesseract 3.04.00' />
  <meta name='ocr-capabilities' content='ocr_page ocr_carea ocr_par ocr_line ocrx_word'/>
</head>
<body>
  <div class='ocr_page' id='page_1' title='image "./4626146_0018.png"; bbox 0 0 2090 2607; ppageno 0'>
   <div class='ocr_carea' id='block_1_1' title="bbox 93 64 1961 1010">
    <p class='ocr_par' dir='ltr' id='par_1_1' title="bbox 931 64 1135 115">
     <span class='ocr_line' id='line_1_1' title="bbox 931 64 1135 115; baseline 0.005 -1"><span class='ocrx_word' id='word_1_1' title='bbox 931 64 1135 115; x_wconf 39' lang='lat'><strong>„40—</strong></span> 
     </span>
    </p>

    <p class='ocr_par' dir='ltr' id='par_1_2' title="bbox 101 182 1961 287">
     <span class='ocr_line' id='line_1_2' title="bbox 256 182 1961 226; baseline -0.001 -8"><span class='ocrx_word' id='word_1_2' title='bbox 256 183 491 226; x_wconf 55' lang='lat' dir='ltr'><strong>„Quiescentw</strong></span> <span class='ocrx_word' id='word_1_3' title='bbox 517 184 665 226; x_wconf 90' lang='lat' dir='ltr'><strong>positum</strong></span> <span class='ocrx_word' id='word_1_4' title='bbox 692 186 746 218; x_wconf 89' lang='lat' dir='ltr'><strong>est</strong></span> <span class='ocrx_word' id='word_1_5' title='bbox 776 193 839 226; x_wconf 91' lang='lat' dir='ltr'><strong>pro</strong></span> <span class='ocrx_word' id='word_1_6' title='bbox 871 184 1103 224; x_wconf 85' lang='lat' dir='ltr'><strong>„dormienti“,</strong></span> <span class='ocrx_word' id='word_1_7' title='bbox 1134 186 1174 217; x_wconf 92' lang='lat' dir='ltr'><strong>ut</strong></span> <span class='ocrx_word' id='word_1_8' title='bbox 1206 184 1256 218; x_wconf 93' lang='lat' dir='ltr'><strong>VI</strong></span> <span class='ocrx_word' id='word_1_9' title='bbox 1284 184 1347 218; x_wconf 85' lang='lat'><strong>20:</strong></span> <span class='ocrx_word' id='word_1_10' title='bbox 1380 183 1536 224; x_wconf 86' lang='lat' dir='ltr'><strong>„Invasit</strong></span> <span class='ocrx_word' id='word_1_11' title='bbox 1566 183 1602 216; x_wconf 90' lang='lat' dir='ltr'><strong>in</strong></span> <span class='ocrx_word' id='word_1_12' title='bbox 1633 182 1823 217; x_wconf 75' lang='lat' dir='ltr'><strong>cubiculum</strong></span> <span class='ocrx_word' id='word_1_13' title='bbox 1849 191 1961 217; x_wconf 90' lang='lat' dir='ltr'><strong>meum</strong></span> 
     </span>
     <span class='ocr_line' id='line_1_3' title="bbox 101 243 1177 287; baseline 0 -9"><span class='ocrx_word' id='word_1_14' title='bbox 101 247 225 278; x_wconf 89' lang='lat' dir='ltr'><strong>mater:</strong></span> <span class='ocrx_word' id='word_1_15' title='bbox 255 244 436 287; x_wconf 84' lang='lat' dir='ltr'><strong>surgebam</strong></span> <span class='ocrx_word' id='word_1_16' title='bbox 463 243 617 283; x_wconf 89' lang='lat' dir='ltr'><strong>invicem,</strong></span> <span class='ocrx_word' id='word_1_17' title='bbox 646 243 675 277; x_wconf 91' lang='lat' dir='ltr'><strong>si</strong></span> <span class='ocrx_word' id='word_1_18' title='bbox 702 243 903 287; x_wconf 83' lang='lat' dir='ltr'><strong>quiesceret,</strong></span> <span class='ocrx_word' id='word_1_19' title='bbox 931 245 1177 279; x_wconf 84' lang='lat' dir='ltr'><strong>excitaturus.“</strong></span> 
     </span>
    </p>

    <p class='ocr_par' dir='ltr' id='par_1_3' title="bbox 100 302 1960 408">
     <span class='ocr_line' id='line_1_4' title="bbox 102 302 1960 348; baseline 0.001 -11"><span class='ocrx_word' id='word_1_20' title='bbox 102 339 109 347; x_wconf 64' lang='grc'>,</span> <span class='ocrx_word' id='word_1_21' title='bbox 256 304 332 338; x_wconf 92' lang='lat' dir='ltr'><strong>Uno</strong></span> <span class='ocrx_word' id='word_1_22' title='bbox 360 314 450 338; x_wconf 91' lang='lat' dir='ltr'><strong>anno</strong></span> <span class='ocrx_word' id='word_1_23' title='bbox 478 306 556 346; x_wconf 89' lang='lat' dir='ltr'><strong>post</strong></span> <span class='ocrx_word' id='word_1_24' title='bbox 583 304 745 339; x_wconf 87' lang='lat' dir='ltr'><strong>avunculi</strong></span> <span class='ocrx_word' id='word_1_25' title='bbox 772 306 916 339; x_wconf 90' lang='lat' dir='ltr'><strong>mortem</strong></span> <span class='ocrx_word' id='word_1_26' title='bbox 943 304 1085 345; x_wconf 87' lang='lat' dir='ltr'><strong>Plinius,</strong></span> <span class='ocrx_word' id='word_1_27' title='bbox 1113 304 1364 340; x_wconf 89' lang='lat' dir='ltr'><strong>undevicesimo</strong></span> <span class='ocrx_word' id='word_1_28' title='bbox 1392 304 1518 339; x_wconf 87' lang='lat' dir='ltr'><strong>aetatis</strong></span> <span class='ocrx_word' id='word_1_29' title='bbox 1546 313 1646 345; x_wconf 86' lang='lat' dir='ltr'><strong>anno,</strong></span> <span class='ocrx_word' id='word_1_30' title='bbox 1678 303 1716 338; x_wconf 81' lang='lat' dir='ltr'><strong>in</strong></span> <span class='ocrx_word' id='word_1_31' title='bbox 1739 302 1820 348; x_wconf 84' lang='lat' dir='ltr'><strong>foro</strong></span> <span class='ocrx_word' id='word_1_32' title='bbox 1848 302 1960 339; x_wconf 79' lang='lat' dir='ltr'><em>dicere</em></span> 
     </span>
     <span class='ocr_line' id='line_1_5' title="bbox 100 353 1587 408; baseline -0.002 -8"><span class='ocrx_word' id='word_1_33' title='bbox 100 365 221 408; x_wconf 87' lang='lat' dir='ltr'><strong>coepit.</strong></span> <span class='ocrx_word' id='word_1_34' title='bbox 1584 353 1587 356; x_wconf 14' lang='grc' dir='ltr'><strong><em>Δ</em></strong></span> 
     </span>
    </p>

    <p class='ocr_par' dir='ltr' id='par_1_4' title="bbox 96 424 1961 707">
     <span class='ocr_line' id='line_1_6' title="bbox 261 424 1961 470; baseline 0 -12"><span class='ocrx_word' id='word_1_35' title='bbox 261 426 528 468; x_wconf 87' lang='lat' dir='ltr'><strong>„Susceperam“</strong></span> <span class='ocrx_word' id='word_1_36' title='bbox 561 424 693 459; x_wconf 90' lang='lat' dir='ltr'><strong>Plinius</strong></span> <span class='ocrx_word' id='word_1_37' title='bbox 719 425 793 468; x_wconf 89' lang='lat' dir='ltr'><strong>ipse</strong></span> <span class='ocrx_word' id='word_1_38' title='bbox 821 425 932 469; x_wconf 89' lang='lat' dir='ltr'><strong>inquit</strong></span> <span class='ocrx_word' id='word_1_39' title='bbox 964 426 987 460; x_wconf 89' lang='lat' dir='ltr'><strong>l.</strong></span> <span class='ocrx_word' id='word_1_40' title='bbox 1018 427 1037 460; x_wconf 90' lang='grc' dir='ltr'><strong>Ι</strong></span> <span class='ocrx_word' id='word_1_41' title='bbox 1064 436 1115 470; x_wconf 89' lang='lat' dir='ltr'><strong>ep.</strong></span> <span class='ocrx_word' id='word_1_42' title='bbox 1146 426 1203 466; x_wconf 88' lang='lat'><strong>18,</strong></span> <span class='ocrx_word' id='word_1_43' title='bbox 1230 435 1412 466; x_wconf 83' lang='lat' dir='ltr'><strong>„causam</strong></span> <span class='ocrx_word' id='word_1_44' title='bbox 1443 425 1533 459; x_wconf 93' lang='lat' dir='ltr'><strong>Iuni</strong></span> <span class='ocrx_word' id='word_1_45' title='bbox 1565 424 1751 459; x_wconf 85' lang='lat' dir='ltr'><strong>Pastoris</strong></span> <span class='ocrx_word' id='word_1_46' title='bbox 1783 426 1823 459; x_wconf 92' lang='lat' dir='ltr'><strong>et</strong></span> <span class='ocrx_word' id='word_1_47' title='bbox 1854 434 1961 458; x_wconf 86' lang='lat' dir='ltr'><strong>eram</strong></span> 
     </span>
     <span class='ocr_line' id='line_1_7' title="bbox 100 485 1959 529; baseline -0.001 -9"><span class='ocrx_word' id='word_1_48' title='bbox 100 488 268 520; x_wconf 88' lang='lat' dir='ltr'><strong>acturus</strong></span> <span class='ocrx_word' id='word_1_49' title='bbox 296 485 632 519; x_wconf 88' lang='lat' dir='ltr'><strong>adulescentulus</strong></span> <span class='ocrx_word' id='word_1_50' title='bbox 661 486 804 525; x_wconf 88' lang='lat' dir='ltr'><strong>adhuc,</strong></span> <span class='ocrx_word' id='word_1_51' title='bbox 833 495 941 520; x_wconf 89' lang='lat' dir='ltr'><strong>eram</strong></span> <span class='ocrx_word' id='word_1_52' title='bbox 969 486 1010 520; x_wconf 93' lang='lat' dir='ltr'><strong>in</strong></span> <span class='ocrx_word' id='word_1_53' title='bbox 1038 486 1299 529; x_wconf 85' lang='lat' dir='ltr'><strong>quadruplici</strong></span> <span class='ocrx_word' id='word_1_54' title='bbox 1326 486 1492 526; x_wconf 88' lang='lat' dir='ltr'><strong>iudicio,</strong></span> <span class='ocrx_word' id='word_1_55' title='bbox 1520 495 1626 520; x_wconf 89' lang='lat' dir='ltr'><strong>eram</strong></span> <span class='ocrx_word' id='word_1_56' title='bbox 1653 488 1795 519; x_wconf 88' lang='lat' dir='ltr'><strong>contra</strong></span> <span class='ocrx_word' id='word_1_57' title='bbox 1822 487 1959 527; x_wconf 89' lang='lat' dir='ltr'><strong>poten-</strong></span> 
     </span>
     <span class='ocr_line' id='line_1_8' title="bbox 98 544 1960 589; baseline -0.001 -11"><span class='ocrx_word' id='word_1_58' title='bbox 98 545 281 579; x_wconf 91' lang='lat' dir='ltr'><strong>tissimos</strong></span> <span class='ocrx_word' id='word_1_59' title='bbox 309 544 499 579; x_wconf 85' lang='lat' dir='ltr'><strong>civitatis</strong></span> <span class='ocrx_word' id='word_1_60' title='bbox 527 547 650 587; x_wconf 88' lang='lat' dir='ltr'><strong>atque</strong></span> <span class='ocrx_word' id='word_1_61' title='bbox 678 544 800 578; x_wconf 90' lang='lat' dir='ltr'><strong>etiam</strong></span> <span class='ocrx_word' id='word_1_62' title='bbox 827 545 1021 580; x_wconf 83' lang='lat' dir='ltr'><strong>Caesaris</strong></span> <span class='ocrx_word' id='word_1_63' title='bbox 1048 546 1213 579; x_wconf 87' lang='lat' dir='ltr'><strong>amicos:</strong></span> <span class='ocrx_word' id='word_1_64' title='bbox 1243 555 1346 589; x_wconf 90' lang='lat' dir='ltr'><strong>quae</strong></span> <span class='ocrx_word' id='word_1_65' title='bbox 1374 545 1537 588; x_wconf 89' lang='lat' dir='ltr'><strong>singula</strong></span> <span class='ocrx_word' id='word_1_66' title='bbox 1569 546 1759 578; x_wconf 85' lang='lat' dir='ltr'><strong>excutere</strong></span> <span class='ocrx_word' id='word_1_67' title='bbox 1790 546 1960 577; x_wconf 84' lang='lat' dir='ltr'><strong>mentem</strong></span> 
     </span>
     <span class='ocr_line' id='line_1_9' title="bbox 98 604 1960 649; baseline -0.001 -11"><span class='ocrx_word' id='word_1_68' title='bbox 98 605 192 639; x_wconf 91' lang='lat' dir='ltr'><strong>mihi</strong></span> <span class='ocrx_word' id='word_1_69' title='bbox 227 607 439 648; x_wconf 85' lang='lat' dir='ltr'><strong>poterant;</strong></span> <span class='ocrx_word' id='word_1_70' title='bbox 480 604 544 648; x_wconf 86' lang='lat' dir='ltr'><strong>egi</strong></span> <span class='ocrx_word' id='word_1_71' title='bbox 580 608 728 644; x_wconf 87' lang='lat' dir='ltr'><strong>tamen,</strong></span> <span class='ocrx_word' id='word_1_72' title='bbox 770 615 967 648; x_wconf 90' lang='lat' dir='ltr'><strong>prospere</strong></span> <span class='ocrx_word' id='word_1_73' title='bbox 1008 605 1148 645; x_wconf 89' lang='lat' dir='ltr'><strong>cessit,</strong></span> <span class='ocrx_word' id='word_1_74' title='bbox 1190 608 1312 649; x_wconf 90' lang='lat' dir='ltr'><strong>atque</strong></span> <span class='ocrx_word' id='word_1_75' title='bbox 1340 606 1429 639; x_wconf 92' lang='lat' dir='ltr'><strong>ideo</strong></span> <span class='ocrx_word' id='word_1_76' title='bbox 1470 605 1543 639; x_wconf 86' lang='lat' dir='ltr'><strong>illa</strong></span> <span class='ocrx_word' id='word_1_77' title='bbox 1570 605 1677 639; x_wconf 88' lang='lat' dir='ltr'><strong>actio</strong></span> <span class='ocrx_word' id='word_1_78' title='bbox 1709 604 1803 638; x_wconf 90' lang='lat' dir='ltr'><strong>mihi</strong></span> <span class='ocrx_word' id='word_1_79' title='bbox 1840 613 1960 638; x_wconf 87' lang='lat' dir='ltr'><strong>aures</strong></span> 
     </span>
     <span class='ocr_line' id='line_1_10' title="bbox 96 664 1024 707; baseline 0.001 -10"><span class='ocrx_word' id='word_1_80' title='bbox 96 665 311 704; x_wconf 91' lang='lat' dir='ltr'><strong>hominum,</strong></span> <span class='ocrx_word' id='word_1_81' title='bbox 339 664 413 698; x_wconf 91' lang='lat' dir='ltr'><strong>illa</strong></span> <span class='ocrx_word' id='word_1_82' title='bbox 439 664 601 697; x_wconf 85' lang='lat' dir='ltr'><strong>ianuam</strong></span> <span class='ocrx_word' id='word_1_83' title='bbox 629 664 762 698; x_wconf 84' lang='lat' dir='ltr'><strong>famae</strong></span> <span class='ocrx_word' id='word_1_84' title='bbox 788 664 1024 707; x_wconf 87' lang='lat' dir='ltr'><strong>patefecit.“</strong></span> 
     </span>
    </p>

    <p class='ocr_par' dir='ltr' id='par_1_5' title="bbox 252 724 1710 770">
     <span class='ocr_line' id='line_1_11' title="bbox 252 724 1710 770; baseline -0.001 -10"><span class='ocrx_word' id='word_1_85' title='bbox 252 724 424 760; x_wconf 75' lang='lat' dir='ltr'><strong>Excutere</strong></span> <span class='ocrx_word' id='word_1_86' title='bbox 451 726 595 759; x_wconf 70' lang='lat' dir='ltr'><strong>mentem</strong></span> <span class='ocrx_word' id='word_1_87' title='bbox 622 734 716 758; x_wconf 92' lang='lat' dir='ltr'><strong>more</strong></span> <span class='ocrx_word' id='word_1_88' title='bbox 743 726 923 767; x_wconf 69' lang='lat' dir='ltr'><strong>poetarum</strong></span> <span class='ocrx_word' id='word_1_89' title='bbox 950 725 1098 768; x_wconf 91' lang='lat' dir='ltr'><strong>positum</strong></span> <span class='ocrx_word' id='word_1_90' title='bbox 1126 728 1179 759; x_wconf 91' lang='lat' dir='ltr'><strong>est</strong></span> <span class='ocrx_word' id='word_1_91' title='bbox 1205 735 1267 768; x_wconf 91' lang='lat' dir='ltr'><strong>pro</strong></span> <span class='ocrx_word' id='word_1_92' title='bbox 1295 727 1452 765; x_wconf 56' lang='lat' dir='ltr'><strong>„terrere</strong></span> <span class='ocrx_word' id='word_1_93' title='bbox 1473 724 1710 770; x_wconf 78' lang='lat' dir='ltr'><strong>perturbare.“</strong></span> 
     </span>
    </p>

    <p class='ocr_par' dir='ltr' id='par_1_6' title="bbox 93 783 1959 1010">
     <span class='ocr_line' id='line_1_12' title="bbox 251 783 1958 830; baseline -0.001 -11"><span class='ocrx_word' id='word_1_94' title='bbox 251 785 363 830; x_wconf 76' lang='lat' dir='ltr'><strong>Atque</strong></span> <span class='ocrx_word' id='word_1_95' title='bbox 404 785 478 819; x_wconf 83' lang='lat' dir='ltr'><strong>ideo</strong></span> <span class='ocrx_word' id='word_1_96' title='bbox 520 795 623 829; x_wconf 91' lang='lat' dir='ltr'><strong>quam</strong></span> <span class='ocrx_word' id='word_1_97' title='bbox 663 785 843 819; x_wconf 90' lang='lat' dir='ltr'><strong>lectionem</strong></span> <span class='ocrx_word' id='word_1_98' title='bbox 879 785 1101 820; x_wconf 81' lang='lat' dir='ltr'><strong>Florentinus</strong></span> <span class='ocrx_word' id='word_1_99' title='bbox 1142 786 1250 819; x_wconf 86' lang='lat' dir='ltr'><strong>codex</strong></span> <span class='ocrx_word' id='word_1_100' title='bbox 1291 785 1522 828; x_wconf 87' lang='lat' dir='ltr'><strong>editionesque</strong></span> <span class='ocrx_word' id='word_1_101' title='bbox 1561 784 1719 828; x_wconf 86' lang='lat' dir='ltr'><strong>princeps</strong></span> <span class='ocrx_word' id='word_1_102' title='bbox 1760 786 1795 818; x_wconf 92' lang='lat' dir='ltr'><strong>et</strong></span> <span class='ocrx_word' id='word_1_103' title='bbox 1830 783 1958 818; x_wconf 86' lang='lat' dir='ltr'><strong>Aldina</strong></span> 
     </span>
     <span class='ocr_line' id='line_1_13' title="bbox 94 844 1959 890; baseline -0.001 -10"><span class='ocrx_word' id='word_1_104' title='bbox 94 847 271 890; x_wconf 80' lang='lat' dir='ltr'><strong>praebent,</strong></span> <span class='ocrx_word' id='word_1_105' title='bbox 305 846 380 880; x_wconf 92' lang='lat' dir='ltr'><strong>loco</strong></span> <span class='ocrx_word' id='word_1_106' title='bbox 413 845 570 880; x_wconf 89' lang='lat' dir='ltr'><strong>lectionis</strong></span> <span class='ocrx_word' id='word_1_107' title='bbox 607 848 734 888; x_wconf 85' lang='lat' dir='ltr'><strong>„atque</strong></span> <span class='ocrx_word' id='word_1_108' title='bbox 766 846 875 880; x_wconf 87' lang='lat' dir='ltr'><strong>adeo“</strong></span> <span class='ocrx_word' id='word_1_109' title='bbox 913 846 1086 880; x_wconf 85' lang='lat' dir='ltr'><strong>servanda</strong></span> <span class='ocrx_word' id='word_1_110' title='bbox 1117 848 1180 880; x_wconf 88' lang='lat' dir='ltr'><strong>est.</strong></span> <span class='ocrx_word' id='word_1_111' title='bbox 1234 846 1390 880; x_wconf 86' lang='lat' dir='ltr'><strong>Fuerunt</strong></span> <span class='ocrx_word' id='word_1_112' title='bbox 1422 845 1559 889; x_wconf 89' lang='lat' dir='ltr'><strong>quidam</strong></span> <span class='ocrx_word' id='word_1_113' title='bbox 1598 844 1716 884; x_wconf 85' lang='lat' dir='ltr'><strong>critici,</strong></span> <span class='ocrx_word' id='word_1_114' title='bbox 1753 844 1810 888; x_wconf 92' lang='lat' dir='ltr'><strong>qui</strong></span> <span class='ocrx_word' id='word_1_115' title='bbox 1846 854 1959 879; x_wconf 81' lang='lat' dir='ltr'><strong>causae</strong></span> 
     </span>
     <span class='ocr_line' id='line_1_14' title="bbox 94 904 1958 950; baseline -0.002 -10"><span class='ocrx_word' id='word_1_116' title='bbox 94 906 268 940; x_wconf 88' lang='lat' dir='ltr'><strong>notionem</strong></span> <span class='ocrx_word' id='word_1_117' title='bbox 295 906 488 948; x_wconf 73' lang='lat' dir='ltr'><strong>particulae</strong></span> <span class='ocrx_word' id='word_1_118' title='bbox 515 906 601 940; x_wconf 85' lang='lat' dir='ltr'><strong>adeo</strong></span> <span class='ocrx_word' id='word_1_119' title='bbox 630 906 822 939; x_wconf 89' lang='lat' dir='ltr'><strong>tribuerent</strong></span> <span class='ocrx_word' id='word_1_120' title='bbox 850 915 992 949; x_wconf 87' lang='lat' dir='ltr'><strong>eamque</strong></span> <span class='ocrx_word' id='word_1_121' title='bbox 1020 916 1082 948; x_wconf 91' lang='lat' dir='ltr'><strong>pro</strong></span> <span class='ocrx_word' id='word_1_122' title='bbox 1110 906 1194 945; x_wconf 79' lang='lat' dir='ltr'><strong>ideo,</strong></span> <span class='ocrx_word' id='word_1_123' title='bbox 1221 905 1306 939; x_wconf 83' lang='lat' dir='ltr'><strong>adeo</strong></span> <span class='ocrx_word' id='word_1_124' title='bbox 1334 905 1425 950; x_wconf 80' lang='lat' dir='ltr'><strong>quod</strong></span> <span class='ocrx_word' id='word_1_125' title='bbox 1455 915 1517 947; x_wconf 90' lang='lat' dir='ltr'><strong>pro</strong></span> <span class='ocrx_word' id='word_1_126' title='bbox 1538 907 1727 950; x_wconf 77' lang='lat' dir='ltr'><strong>propterea</strong></span> <span class='ocrx_word' id='word_1_127' title='bbox 1754 904 1845 949; x_wconf 79' lang='lat' dir='ltr'><strong>quod</strong></span> <span class='ocrx_word' id='word_1_128' title='bbox 1870 904 1958 938; x_wconf 85' lang='lat' dir='ltr'><strong>acci-</strong></span> 
     </span>
     <span class='ocr_line' id='line_1_15' title="bbox 93 964 1959 1010; baseline 0 -11"><span class='ocrx_word' id='word_1_129' title='bbox 93 969 225 1010; x_wconf 88' lang='lat' dir='ltr'><strong>perent.</strong></span> <span class='ocrx_word' id='word_1_130' title='bbox 280 966 329 999; x_wconf 89' lang='lat' dir='ltr'><strong>At</strong></span> <span class='ocrx_word' id='word_1_131' title='bbox 347 966 472 1000; x_wconf 89' lang='lat' dir='ltr'><strong>desunt</strong></span> <span class='ocrx_word' id='word_1_132' title='bbox 490 965 579 999; x_wconf 91' lang='lat' dir='ltr'><strong>ratio</strong></span> <span class='ocrx_word' id='word_1_133' title='bbox 599 967 635 999; x_wconf 91' lang='lat' dir='ltr'><strong>et</strong></span> <span class='ocrx_word' id='word_1_134' title='bbox 653 965 819 1008; x_wconf 88' lang='lat' dir='ltr'><strong>exempla,</strong></span> <span class='ocrx_word' id='word_1_135' title='bbox 848 968 883 999; x_wconf 84' lang='lat' dir='ltr'><strong>et</strong></span> <span class='ocrx_word' id='word_1_136' title='bbox 902 976 1067 1010; x_wconf 79' lang='lat' dir='ltr'><strong>perverse</strong></span> <span class='ocrx_word' id='word_1_137' title='bbox 1084 965 1356 1008; x_wconf 88' lang='lat' dir='ltr'><strong>interpretantur</strong></span> <span class='ocrx_word' id='word_1_138' title='bbox 1374 965 1458 1000; x_wconf 84' lang='lat' dir='ltr'><strong>adeo</strong></span> <span class='ocrx_word' id='word_1_139' title='bbox 1478 976 1549 1000; x_wconf 83' lang='lat' dir='ltr'><strong>esse</strong></span> <span class='ocrx_word' id='word_1_140' title='bbox 1565 964 1641 1010; x_wconf 86' lang='lat' dir='ltr'><strong>fere</strong></span> <span class='ocrx_word' id='word_1_141' title='bbox 1660 965 1749 1000; x_wconf 85' lang='lat' dir='ltr'><strong>idem</strong></span> <span class='ocrx_word' id='word_1_142' title='bbox 1767 964 1858 1009; x_wconf 82' lang='lat' dir='ltr'><strong>quod</strong></span> <span class='ocrx_word' id='word_1_143' title='bbox 1874 964 1959 999; x_wconf 78' lang='lat' dir='ltr'><strong>ideo.</strong></span> 
     </span>
    </p>
   </div>
   <div class='ocr_carea' id='block_1_2' title="bbox 254 1025 2026 1070">
    <p class='ocr_par' dir='ltr' id='par_1_7' title="bbox 254 1025 2026 1070">
     <span class='ocr_line' id='line_1_16' title="bbox 254 1025 2026 1070; baseline -0.001 -10"><span class='ocrx_word' id='word_1_144' title='bbox 254 1026 299 1060; x_wconf 81' lang='lat' dir='ltr'><strong>Iu</strong></span> <span class='ocrx_word' id='word_1_145' title='bbox 339 1025 566 1070; x_wconf 68' lang='lat' dir='ltr'><strong>quadruplici</strong></span> <span class='ocrx_word' id='word_1_146' title='bbox 603 1025 742 1060; x_wconf 81' lang='lat' dir='ltr'><strong>iudicio.</strong></span> <span class='ocrx_word' id='word_1_147' title='bbox 795 1025 990 1060; x_wconf 88' lang='lat' dir='ltr'><strong>Decemviri</strong></span> <span class='ocrx_word' id='word_1_148' title='bbox 1031 1025 1182 1059; x_wconf 90' lang='lat' dir='ltr'><strong>stlitibus</strong></span> <span class='ocrx_word' id='word_1_149' title='bbox 1223 1025 1413 1059; x_wconf 85' lang='lat' dir='ltr'><strong>iudicandis</strong></span> <span class='ocrx_word' id='word_1_150' title='bbox 1454 1025 1533 1059; x_wconf 91' lang='lat' dir='ltr'><strong>inde</strong></span> <span class='ocrx_word' id='word_1_151' title='bbox 1574 1026 1616 1058; x_wconf 89' lang='lat' dir='ltr'><strong>ab</strong></span> <span class='ocrx_word' id='word_1_152' title='bbox 1656 1025 1804 1068; x_wconf 85' lang='lat' dir='ltr'><strong>Augusti</strong></span> <span class='ocrx_word' id='word_1_153' title='bbox 1845 1027 1960 1058; x_wconf 85' lang='lat' dir='ltr'><strong>aetate</strong></span> <span class='ocrx_word' id='word_1_154' title='bbox 2024 1030 2026 1032; x_wconf 77' lang='grc'>’</span> 
     </span>
    </p>
   </div>
   <div class='ocr_carea' id='block_1_3' title="bbox 91 1084 1958 1670">
    <p class='ocr_par' dir='ltr' id='par_1_8' title="bbox 93 1084 1958 1361">
     <span class='ocr_line' id='line_1_17' title="bbox 94 1084 1958 1129; baseline -0.001 -8"><span class='ocrx_word' id='word_1_155' title='bbox 94 1086 222 1121; x_wconf 88' lang='lat' dir='ltr'><strong>iudicia</strong></span> <span class='ocrx_word' id='word_1_156' title='bbox 241 1086 501 1126; x_wconf 86' lang='lat' dir='ltr'><strong>centumvirum,</strong></span> <span class='ocrx_word' id='word_1_157' title='bbox 530 1086 580 1120; x_wconf 89' lang='lat' dir='ltr'><strong>ita</strong></span> <span class='ocrx_word' id='word_1_158' title='bbox 599 1085 746 1129; x_wconf 89' lang='lat' dir='ltr'><strong>quidem,</strong></span> <span class='ocrx_word' id='word_1_159' title='bbox 773 1087 813 1119; x_wconf 92' lang='lat' dir='ltr'><strong>ut</strong></span> <span class='ocrx_word' id='word_1_160' title='bbox 830 1088 972 1129; x_wconf 88' lang='lat' dir='ltr'><strong>praetor</strong></span> <span class='ocrx_word' id='word_1_161' title='bbox 989 1086 1141 1119; x_wconf 88' lang='lat' dir='ltr'><strong>urbanus</strong></span> <span class='ocrx_word' id='word_1_162' title='bbox 1164 1085 1386 1128; x_wconf 89' lang='lat' dir='ltr'><strong>praesideret,</strong></span> <span class='ocrx_word' id='word_1_163' title='bbox 1413 1085 1697 1128; x_wconf 87' lang='lat' dir='ltr'><strong>moderabantur;</strong></span> <span class='ocrx_word' id='word_1_164' title='bbox 1725 1095 1812 1128; x_wconf 89' lang='lat' dir='ltr'><strong>quae</strong></span> <span class='ocrx_word' id='word_1_165' title='bbox 1830 1084 1958 1119; x_wconf 88' lang='lat' dir='ltr'><strong>iudicia</strong></span> 
     </span>
     <span class='ocr_line' id='line_1_18' title="bbox 94 1144 1958 1190; baseline -0.002 -9"><span class='ocrx_word' id='word_1_166' title='bbox 94 1147 130 1181; x_wconf 92' lang='lat' dir='ltr'><strong>in</strong></span> <span class='ocrx_word' id='word_1_167' title='bbox 157 1149 324 1190; x_wconf 86' lang='lat' dir='ltr'><strong>quattuor</strong></span> <span class='ocrx_word' id='word_1_168' title='bbox 364 1146 508 1180; x_wconf 89' lang='lat' dir='ltr'><strong>consilia</strong></span> <span class='ocrx_word' id='word_1_169' title='bbox 547 1146 605 1180; x_wconf 90' lang='lat' dir='ltr'><strong>vel</strong></span> <span class='ocrx_word' id='word_1_170' title='bbox 638 1145 827 1179; x_wconf 87' lang='lat' dir='ltr'><strong>tribunalia</strong></span> <span class='ocrx_word' id='word_1_171' title='bbox 867 1145 1048 1188; x_wconf 87' lang='lat' dir='ltr'><strong>dispertita</strong></span> <span class='ocrx_word' id='word_1_172' title='bbox 1089 1148 1196 1185; x_wconf 84' lang='lat' dir='ltr'><strong>erant,</strong></span> <span class='ocrx_word' id='word_1_173' title='bbox 1238 1155 1325 1189; x_wconf 88' lang='lat' dir='ltr'><strong>quae</strong></span> <span class='ocrx_word' id='word_1_174' title='bbox 1365 1156 1441 1179; x_wconf 92' lang='lat' dir='ltr'><strong>cum</strong></span> <span class='ocrx_word' id='word_1_175' title='bbox 1480 1145 1652 1185; x_wconf 87' lang='lat' dir='ltr'><strong>universa,</strong></span> <span class='ocrx_word' id='word_1_176' title='bbox 1693 1144 1896 1187; x_wconf 90' lang='lat' dir='ltr'><strong>praesertim</strong></span> <span class='ocrx_word' id='word_1_177' title='bbox 1922 1144 1958 1178; x_wconf 90' lang='lat' dir='ltr'><strong>in</strong></span> 
     </span>
     <span class='ocr_line' id='line_1_19' title="bbox 94 1202 1957 1252; baseline -0.001 -12"><span class='ocrx_word' id='word_1_178' title='bbox 94 1206 314 1251; x_wconf 84' lang='lat' dir='ltr'><strong>gravioribus</strong></span> <span class='ocrx_word' id='word_1_179' title='bbox 343 1206 457 1240; x_wconf 85' lang='lat' dir='ltr'><strong>causis</strong></span> <span class='ocrx_word' id='word_1_180' title='bbox 485 1202 626 1251; x_wconf 86' lang='lat' dir='ltr'><strong>(causes</strong></span> <span class='ocrx_word' id='word_1_181' title='bbox 649 1202 827 1252; x_wconf 76' lang='lat' dir='ltr'><strong>celebres),</strong></span> <span class='ocrx_word' id='word_1_182' title='bbox 855 1206 927 1238; x_wconf 93' lang='lat' dir='ltr'><strong>tum</strong></span> <span class='ocrx_word' id='word_1_183' title='bbox 954 1204 1099 1238; x_wconf 88' lang='lat' dir='ltr'><strong>maxime</strong></span> <span class='ocrx_word' id='word_1_184' title='bbox 1127 1205 1262 1249; x_wconf 87' lang='lat' dir='ltr'><strong>singula</strong></span> <span class='ocrx_word' id='word_1_185' title='bbox 1279 1205 1332 1239; x_wconf 87' lang='lat' dir='ltr'><strong>ius</strong></span> <span class='ocrx_word' id='word_1_186' title='bbox 1359 1205 1553 1248; x_wconf 87' lang='lat' dir='ltr'><strong>petentibus</strong></span> <span class='ocrx_word' id='word_1_187' title='bbox 1573 1205 1740 1244; x_wconf 86' lang='lat' dir='ltr'><strong>dicebant,</strong></span> <span class='ocrx_word' id='word_1_188' title='bbox 1767 1204 1870 1238; x_wconf 86' lang='lat' dir='ltr'><strong>hasta</strong></span> <span class='ocrx_word' id='word_1_189' title='bbox 1895 1214 1957 1247; x_wconf 92' lang='lat' dir='ltr'><strong>pro</strong></span> 
     </span>
     <span class='ocr_line' id='line_1_20' title="bbox 93 1261 1957 1311; baseline -0.001 -10"><span class='ocrx_word' id='word_1_190' title='bbox 93 1267 239 1301; x_wconf 86' lang='lat' dir='ltr'><strong>basilica</strong></span> <span class='ocrx_word' id='word_1_191' title='bbox 270 1266 398 1309; x_wconf 82' lang='lat' dir='ltr'><strong>posita3</strong></span> <span class='ocrx_word' id='word_1_192' title='bbox 439 1266 519 1300; x_wconf 87' lang='lat' dir='ltr'><strong>inde</strong></span> <span class='ocrx_word' id='word_1_193' title='bbox 552 1265 602 1306; x_wconf 91' lang='lat' dir='ltr'><strong>fit,</strong></span> <span class='ocrx_word' id='word_1_194' title='bbox 638 1268 678 1299; x_wconf 94' lang='lat' dir='ltr'><strong>ut</strong></span> <span class='ocrx_word' id='word_1_195' title='bbox 710 1266 840 1300; x_wconf 88' lang='lat' dir='ltr'><strong>Seneca</strong></span> <span class='ocrx_word' id='word_1_196' title='bbox 872 1261 978 1310; x_wconf 90' lang='lat' dir='ltr'><strong>(Aug.</strong></span> <span class='ocrx_word' id='word_1_197' title='bbox 1012 1262 1077 1311; x_wconf 88' lang='grc'><strong>36)</strong></span> <span class='ocrx_word' id='word_1_198' title='bbox 1110 1266 1285 1300; x_wconf 89' lang='lat' dir='ltr'><strong>vocabulis</strong></span> <span class='ocrx_word' id='word_1_199' title='bbox 1324 1265 1481 1306; x_wconf 56' lang='lat' dir='ltr'><strong>,hastam</strong></span> <span class='ocrx_word' id='word_1_200' title='bbox 1513 1264 1789 1300; x_wconf 74' lang='lat' dir='ltr'><strong>ceutumviralem</strong></span> <span class='ocrx_word' id='word_1_201' title='bbox 1821 1268 1957 1309; x_wconf 73' lang='lat' dir='ltr'><strong>coyere“</strong></span> 
     </span>
     <span class='ocr_line' id='line_1_21' title="bbox 93 1329 229 1361; baseline -0.007 0"><span class='ocrx_word' id='word_1_202' title='bbox 93 1329 229 1361; x_wconf 86' lang='lat' dir='ltr'><strong>utatur.</strong></span> 
     </span>
    </p>

    <p class='ocr_par' dir='ltr' id='par_1_9' title="bbox 91 1384 1958 1541">
     <span class='ocr_line' id='line_1_22' title="bbox 249 1384 1954 1429; baseline -0.001 -9"><span class='ocrx_word' id='word_1_203' title='bbox 249 1386 385 1429; x_wconf 88' lang='lat' dir='ltr'><strong>Optime</strong></span> <span class='ocrx_word' id='word_1_204' title='bbox 412 1395 563 1425; x_wconf 84' lang='lat' dir='ltr'><strong>causam,</strong></span> <span class='ocrx_word' id='word_1_205' title='bbox 591 1395 679 1429; x_wconf 91' lang='lat' dir='ltr'><strong>quae</strong></span> <span class='ocrx_word' id='word_1_206' title='bbox 705 1384 742 1418; x_wconf 91' lang='lat' dir='ltr'><strong>in</strong></span> <span class='ocrx_word' id='word_1_207' title='bbox 767 1384 902 1418; x_wconf 91' lang='lat' dir='ltr'><strong>iudiciis</strong></span> <span class='ocrx_word' id='word_1_208' title='bbox 934 1385 1237 1420; x_wconf 86' lang='lat' dir='ltr'><strong>centumviralibus</strong></span> <span class='ocrx_word' id='word_1_209' title='bbox 1269 1386 1446 1429; x_wconf 87' lang='lat' dir='ltr'><strong>agebatur,</strong></span> <span class='ocrx_word' id='word_1_210' title='bbox 1478 1385 1610 1420; x_wconf 84' lang='lat' dir='ltr'><strong>Plinius</strong></span> <span class='ocrx_word' id='word_1_211' title='bbox 1642 1385 1824 1419; x_wconf 89' lang='lat' dir='ltr'><strong>adumbrat</strong></span> <span class='ocrx_word' id='word_1_212' title='bbox 1851 1387 1954 1428; x_wconf 90' lang='lat' dir='ltr'><strong>atque</strong></span> 
     </span>
     <span class='ocr_line' id='line_1_23' title="bbox 93 1444 1958 1488; baseline -0.002 -7"><span class='ocrx_word' id='word_1_213' title='bbox 93 1447 257 1482; x_wconf 85' lang='lat' dir='ltr'><strong>describit</strong></span> <span class='ocrx_word' id='word_1_214' title='bbox 283 1447 304 1480; x_wconf 95' lang='grc'><strong>1.</strong></span> <span class='ocrx_word' id='word_1_215' title='bbox 332 1447 384 1480; x_wconf 90' lang='lat' dir='ltr'><strong>VI</strong></span> <span class='ocrx_word' id='word_1_216' title='bbox 411 1456 464 1488; x_wconf 89' lang='lat' dir='ltr'><strong>ep.</strong></span> <span class='ocrx_word' id='word_1_217' title='bbox 494 1445 553 1485; x_wconf 90' lang='lat'><strong>33,</strong></span> <span class='ocrx_word' id='word_1_218' title='bbox 581 1448 620 1479; x_wconf 88' lang='lat' dir='ltr'><strong>ut</strong></span> <span class='ocrx_word' id='word_1_219' title='bbox 646 1445 750 1487; x_wconf 87' lang='lat' dir='ltr'><strong>paulo</strong></span> <span class='ocrx_word' id='word_1_220' title='bbox 778 1447 857 1487; x_wconf 90' lang='lat' dir='ltr'><strong>post</strong></span> <span class='ocrx_word' id='word_1_221' title='bbox 884 1444 1031 1480; x_wconf 87' lang='lat' dir='ltr'><strong>dilucide</strong></span> <span class='ocrx_word' id='word_1_222' title='bbox 1058 1445 1216 1487; x_wconf 87' lang='lat' dir='ltr'><strong>explicat,</strong></span> <span class='ocrx_word' id='word_1_223' title='bbox 1244 1455 1313 1488; x_wconf 88' lang='lat' dir='ltr'><strong>qua</strong></span> <span class='ocrx_word' id='word_1_224' title='bbox 1339 1445 1472 1479; x_wconf 87' lang='lat' dir='ltr'><strong>ratione</strong></span> <span class='ocrx_word' id='word_1_225' title='bbox 1495 1445 1659 1479; x_wconf 89' lang='lat' dir='ltr'><strong>eiusmodi</strong></span> <span class='ocrx_word' id='word_1_226' title='bbox 1685 1445 1812 1479; x_wconf 87' lang='lat' dir='ltr'><strong>iudicia</strong></span> <span class='ocrx_word' id='word_1_227' title='bbox 1837 1445 1958 1479; x_wconf 88' lang='lat' dir='ltr'><strong>haberi</strong></span> 
     </span>
     <span class='ocr_line' id='line_1_24' title="bbox 91 1507 255 1541; baseline -0.012 0"><span class='ocrx_word' id='word_1_228' title='bbox 91 1507 255 1541; x_wconf 87' lang='lat' dir='ltr'><strong>solerent:</strong></span> 
     </span>
    </p>

    <p class='ocr_par' dir='ltr' id='par_1_10' title="bbox 92 1563 1955 1670">
     <span class='ocr_line' id='line_1_25' title="bbox 248 1563 1955 1608; baseline -0.001 -8"><span class='ocrx_word' id='word_1_229' title='bbox 248 1566 366 1600; x_wconf 90' lang='lat' dir='ltr'><strong>Attia</strong></span> <span class='ocrx_word' id='word_1_230' title='bbox 393 1564 570 1605; x_wconf 88' lang='lat' dir='ltr'><strong>Viriola,</strong></span> <span class='ocrx_word' id='word_1_231' title='bbox 599 1563 751 1598; x_wconf 90' lang='lat' dir='ltr'><strong>femina</strong></span> <span class='ocrx_word' id='word_1_232' title='bbox 778 1563 989 1607; x_wconf 88' lang='lat' dir='ltr'><strong>splendide</strong></span> <span class='ocrx_word' id='word_1_233' title='bbox 1021 1567 1132 1605; x_wconf 86' lang='lat' dir='ltr'><strong>nata,</strong></span> <span class='ocrx_word' id='word_1_234' title='bbox 1164 1566 1290 1607; x_wconf 87' lang='lat' dir='ltr'><strong>nupta</strong></span> <span class='ocrx_word' id='word_1_235' title='bbox 1321 1564 1533 1608; x_wconf 89' lang='lat' dir='ltr'><strong>praetorio</strong></span> <span class='ocrx_word' id='word_1_236' title='bbox 1566 1565 1672 1605; x_wconf 88' lang='lat' dir='ltr'><strong>viro,</strong></span> <span class='ocrx_word' id='word_1_237' title='bbox 1705 1564 1955 1599; x_wconf 87' lang='lat' dir='ltr'><strong>exheredata</strong></span> 
     </span>
     <span class='ocr_line' id='line_1_26' title="bbox 92 1624 1954 1670; baseline -0.002 -9"><span class='ocrx_word' id='word_1_238' title='bbox 92 1628 141 1661; x_wconf 91' lang='lat' dir='ltr'><strong>ab</strong></span> <span class='ocrx_word' id='word_1_239' title='bbox 174 1625 444 1670; x_wconf 82' lang='lat' dir='ltr'><strong>octogenario</strong></span> <span class='ocrx_word' id='word_1_240' title='bbox 478 1627 610 1667; x_wconf 88' lang='lat' dir='ltr'><strong>patre,</strong></span> <span class='ocrx_word' id='word_1_241' title='bbox 652 1624 764 1658; x_wconf 87' lang='lat' dir='ltr'><strong>intra</strong></span> <span class='ocrx_word' id='word_1_242' title='bbox 794 1624 990 1657; x_wconf 64' lang='lat' dir='ltr'><strong>undecim&gt;</strong></span> <span class='ocrx_word' id='word_1_243' title='bbox 1012 1624 1111 1664; x_wconf 92' lang='lat' dir='ltr'><strong>dies,</strong></span> <span class='ocrx_word' id='word_1_244' title='bbox 1154 1634 1270 1668; x_wconf 90' lang='lat' dir='ltr'><strong>quam</strong></span> <span class='ocrx_word' id='word_1_245' title='bbox 1301 1624 1364 1658; x_wconf 93' lang='lat' dir='ltr'><strong>illi</strong></span> <span class='ocrx_word' id='word_1_246' title='bbox 1397 1634 1612 1660; x_wconf 87' lang='lat' dir='ltr'><strong>novercam</strong></span> <span class='ocrx_word' id='word_1_247' title='bbox 1644 1634 1778 1658; x_wconf 88' lang='lat' dir='ltr'><strong>amore</strong></span> <span class='ocrx_word' id='word_1_248' title='bbox 1810 1627 1954 1668; x_wconf 88' lang='lat' dir='ltr'><strong>captus</strong></span> 
     </span>
    </p>
   </div>
   <div class='ocr_carea' id='block_1_4' title="bbox 91 1684 1955 1788">
    <p class='ocr_par' dir='ltr' id='par_1_11' title="bbox 91 1684 1955 1788">
     <span class='ocr_line' id='line_1_27' title="bbox 91 1684 1382 1729; baseline -0.002 -8"><span class='ocrx_word' id='word_1_249' title='bbox 91 1687 328 1726; x_wconf 86' lang='lat' dir='ltr'><strong>induxerat,</strong></span> <span class='ocrx_word' id='word_1_250' title='bbox 357 1684 621 1729; x_wconf 87' lang='lat' dir='ltr'><strong>quadruplici</strong></span> <span class='ocrx_word' id='word_1_251' title='bbox 648 1684 800 1718; x_wconf 92' lang='lat' dir='ltr'><strong>iudicio</strong></span> <span class='ocrx_word' id='word_1_252' title='bbox 827 1684 930 1718; x_wconf 90' lang='lat' dir='ltr'><strong>bona</strong></span> <span class='ocrx_word' id='word_1_253' title='bbox 957 1686 1131 1726; x_wconf 91' lang='lat' dir='ltr'><strong>paterna</strong></span> <span class='ocrx_word' id='word_1_254' title='bbox 1156 1685 1382 1727; x_wconf 89' lang='lat' dir='ltr'><strong>repetebat.</strong></span> 
     </span>
     <span class='ocr_line' id='line_1_28' title="bbox 249 1743 1955 1788; baseline -0.001 -9"><span class='ocrx_word' id='word_1_255' title='bbox 249 1745 286 1779; x_wconf 86' lang='lat' dir='ltr'><strong>Si</strong></span> <span class='ocrx_word' id='word_1_256' title='bbox 314 1745 397 1788; x_wconf 92' lang='lat' dir='ltr'><strong>quid</strong></span> <span class='ocrx_word' id='word_1_257' title='bbox 423 1744 527 1786; x_wconf 88' lang='lat' dir='ltr'><strong>paulo</strong></span> <span class='ocrx_word' id='word_1_258' title='bbox 555 1746 618 1777; x_wconf 89' lang='lat' dir='ltr'><strong>aut</strong></span> <span class='ocrx_word' id='word_1_259' title='bbox 635 1743 741 1776; x_wconf 90' lang='lat' dir='ltr'><strong>multo</strong></span> <span class='ocrx_word' id='word_1_260' title='bbox 765 1745 844 1785; x_wconf 92' lang='lat' dir='ltr'><strong>post</strong></span> <span class='ocrx_word' id='word_1_261' title='bbox 866 1743 1012 1786; x_wconf 89' lang='lat' dir='ltr'><strong>aliquem</strong></span> <span class='ocrx_word' id='word_1_262' title='bbox 1039 1745 1198 1778; x_wconf 87' lang='lat' dir='ltr'><strong>eventum</strong></span> <span class='ocrx_word' id='word_1_263' title='bbox 1221 1744 1355 1784; x_wconf 87' lang='lat' dir='ltr'><strong>accidit,</strong></span> <span class='ocrx_word' id='word_1_264' title='bbox 1384 1744 1572 1778; x_wconf 88' lang='lat' dir='ltr'><strong>enuntiatio</strong></span> <span class='ocrx_word' id='word_1_265' title='bbox 1592 1743 1799 1787; x_wconf 88' lang='lat' dir='ltr'><strong>temporalis,</strong></span> <span class='ocrx_word' id='word_1_266' title='bbox 1826 1753 1893 1787; x_wconf 92' lang='lat' dir='ltr'><strong>quo</strong></span> <span class='ocrx_word' id='word_1_267' title='bbox 1920 1743 1955 1777; x_wconf 90' lang='lat' dir='ltr'><strong>id</strong></span> 
     </span>
    </p>
   </div>
   <div class='ocr_carea' id='block_1_5' title="bbox 86 1802 1954 2511">
    <p class='ocr_par' dir='ltr' id='par_1_12' title="bbox 91 1802 1954 2089">
     <span class='ocr_line' id='line_1_29' title="bbox 91 1802 1953 1850; baseline -0.001 -10"><span class='ocrx_word' id='word_1_268' title='bbox 91 1806 184 1850; x_wconf 90' lang='lat' dir='ltr'><strong>quod</strong></span> <span class='ocrx_word' id='word_1_269' title='bbox 212 1805 317 1848; x_wconf 89' lang='lat' dir='ltr'><strong>paulo</strong></span> <span class='ocrx_word' id='word_1_270' title='bbox 345 1806 406 1838; x_wconf 89' lang='lat' dir='ltr'><strong>aut</strong></span> <span class='ocrx_word' id='word_1_271' title='bbox 424 1803 530 1837; x_wconf 92' lang='lat' dir='ltr'><strong>multo</strong></span> <span class='ocrx_word' id='word_1_272' title='bbox 558 1805 637 1846; x_wconf 90' lang='lat' dir='ltr'><strong>post</strong></span> <span class='ocrx_word' id='word_1_273' title='bbox 663 1803 793 1837; x_wconf 86' lang='lat' dir='ltr'><strong>factum</strong></span> <span class='ocrx_word' id='word_1_274' title='bbox 811 1805 873 1843; x_wconf 91' lang='lat' dir='ltr'><strong>est,</strong></span> <span class='ocrx_word' id='word_1_275' title='bbox 900 1802 1081 1843; x_wconf 84' lang='lat' dir='ltr'><strong>indicatur,</strong></span> <span class='ocrx_word' id='word_1_276' title='bbox 1111 1813 1132 1837; x_wconf 90' lang='lat' dir='ltr'><strong>a</strong></span> <span class='ocrx_word' id='word_1_277' title='bbox 1150 1804 1316 1838; x_wconf 88' lang='lat' dir='ltr'><strong>vocabulo</strong></span> <span class='ocrx_word' id='word_1_278' title='bbox 1335 1815 1441 1849; x_wconf 79' lang='lat' dir='ltr'><strong>quam</strong></span> <span class='ocrx_word' id='word_1_279' title='bbox 1468 1804 1659 1847; x_wconf 64' lang='lat' dir='ltr'><strong>exorditum</strong></span> <span class='ocrx_word' id='word_1_280' title='bbox 1686 1804 1804 1848; x_wconf 89' lang='lat' dir='ltr'><strong>itaque</strong></span> <span class='ocrx_word' id='word_1_281' title='bbox 1821 1804 1953 1838; x_wconf 89' lang='lat' dir='ltr'><strong>Plinius</strong></span> 
     </span>
     <span class='ocr_line' id='line_1_30' title="bbox 92 1857 1954 1909; baseline -0.001 -9"><span class='ocrx_word' id='word_1_282' title='bbox 92 1865 228 1901; x_wconf 84' lang='lat' dir='ltr'><strong>scribit:</strong></span> <span class='ocrx_word' id='word_1_283' title='bbox 256 1865 354 1900; x_wconf 79' lang='lat' dir='ltr'><strong>intra</strong></span> <span class='ocrx_word' id='word_1_284' title='bbox 379 1857 546 1898; x_wconf 83' lang='lat' dir='ltr'><strong>undecim</strong></span> <span class='ocrx_word' id='word_1_285' title='bbox 565 1863 638 1898; x_wconf 83' lang='lat' dir='ltr'><strong>dies</strong></span> <span class='ocrx_word' id='word_1_286' title='bbox 664 1874 770 1909; x_wconf 76' lang='lat' dir='ltr'><strong>quam</strong></span> <span class='ocrx_word' id='word_1_287' title='bbox 796 1862 1018 1907; x_wconf 56' lang='lat' dir='ltr'><strong>induxerat‘g·</strong></span> <span class='ocrx_word' id='word_1_288' title='bbox 1045 1863 1163 1898; x_wconf 83' lang='lat' dir='ltr'><strong>c&#39;onfer</strong></span> <span class='ocrx_word' id='word_1_289' title='bbox 1187 1864 1272 1908; x_wconf 92' lang='lat' dir='ltr'><strong>Nep.</strong></span> <span class='ocrx_word' id='word_1_290' title='bbox 1291 1864 1398 1899; x_wconf 87' lang='lat' dir='ltr'><strong>Arist.</strong></span> <span class='ocrx_word' id='word_1_291' title='bbox 1425 1864 1444 1899; x_wconf 93' lang='lat' dir='ltr'>I</span> <span class='ocrx_word' id='word_1_292' title='bbox 1473 1864 1508 1899; x_wconf 90' lang='lat'><strong>5:</strong></span> <span class='ocrx_word' id='word_1_293' title='bbox 1537 1864 1730 1905; x_wconf 86' lang='lat' dir='ltr'><strong>„Aristides</strong></span> <span class='ocrx_word' id='word_1_294' title='bbox 1757 1867 1855 1899; x_wconf 89' lang='lat' dir='ltr'><strong>sexto</strong></span> <span class='ocrx_word' id='word_1_295' title='bbox 1882 1864 1954 1899; x_wconf 89' lang='lat' dir='ltr'><strong>fere</strong></span> 
     </span>
     <span class='ocr_line' id='line_1_31' title="bbox 92 1923 1953 1970; baseline -0.001 -9"><span class='ocrx_word' id='word_1_296' title='bbox 92 1936 194 1967; x_wconf 85' lang='lat' dir='ltr'><strong>anno,</strong></span> <span class='ocrx_word' id='word_1_297' title='bbox 224 1935 327 1970; x_wconf 90' lang='lat' dir='ltr'><strong>quam</strong></span> <span class='ocrx_word' id='word_1_298' title='bbox 355 1927 433 1959; x_wconf 88' lang='lat' dir='ltr'><strong>erat</strong></span> <span class='ocrx_word' id='word_1_299' title='bbox 459 1924 632 1968; x_wconf 88' lang='lat' dir='ltr'><strong>expulsus,</strong></span> <span class='ocrx_word' id='word_1_300' title='bbox 660 1923 864 1968; x_wconf 89' lang='lat' dir='ltr'><strong>populiscito</strong></span> <span class='ocrx_word' id='word_1_301' title='bbox 891 1924 926 1958; x_wconf 92' lang='grc'><strong>111</strong></span> <span class='ocrx_word' id='word_1_302' title='bbox 952 1924 1101 1968; x_wconf 87' lang='lat' dir='ltr'><strong>patriam</strong></span> <span class='ocrx_word' id='word_1_303' title='bbox 1128 1925 1310 1961; x_wconf 90' lang='lat' dir='ltr'><strong>restitutus</strong></span> <span class='ocrx_word' id='word_1_304' title='bbox 1338 1928 1426 1969; x_wconf 88' lang='lat' dir='ltr'><strong>est“;</strong></span> <span class='ocrx_word' id='word_1_305' title='bbox 1454 1928 1489 1960; x_wconf 91' lang='lat' dir='ltr'><strong>et</strong></span> <span class='ocrx_word' id='word_1_306' title='bbox 1515 1926 1602 1969; x_wconf 91' lang='lat' dir='ltr'><strong>Nep.</strong></span> <span class='ocrx_word' id='word_1_307' title='bbox 1622 1925 1714 1960; x_wconf 92' lang='lat' dir='ltr'><strong>Dion</strong></span> <span class='ocrx_word' id='word_1_308' title='bbox 1740 1925 1772 1960; x_wconf 91' lang='lat' dir='ltr'><strong>V</strong></span> <span class='ocrx_word' id='word_1_309' title='bbox 1800 1925 1837 1960; x_wconf 87' lang='lat'><strong>3:</strong></span> <span class='ocrx_word' id='word_1_310' title='bbox 1866 1926 1953 1966; x_wconf 87' lang='lat' dir='ltr'><strong>„Sed</strong></span> 
     </span>
     <span class='ocr_line' id='line_1_32' title="bbox 91 1984 1952 2030; baseline -0.001 -9"><span class='ocrx_word' id='word_1_311' title='bbox 91 1987 185 2022; x_wconf 91' lang='lat' dir='ltr'><strong>Dion</strong></span> <span class='ocrx_word' id='word_1_312' title='bbox 217 1985 469 2030; x_wconf 88' lang='lat' dir='ltr'><strong>quinquaginta</strong></span> <span class='ocrx_word' id='word_1_313' title='bbox 499 1995 667 2019; x_wconf 86' lang='lat' dir='ltr'><strong>annorum</strong></span> <span class='ocrx_word' id='word_1_314' title='bbox 706 1984 885 2028; x_wconf 86' lang='lat' dir='ltr'><strong>imperium</strong></span> <span class='ocrx_word' id='word_1_315' title='bbox 917 1985 1002 2019; x_wconf 89' lang='lat' dir='ltr'><strong>adeo</strong></span> <span class='ocrx_word' id='word_1_316' title='bbox 1034 1985 1134 2020; x_wconf 84' lang='lat' dir='ltr'><strong>facile</strong></span> <span class='ocrx_word' id='word_1_317' title='bbox 1165 1986 1319 2029; x_wconf 89' lang='lat' dir='ltr'><strong>perculit,</strong></span> <span class='ocrx_word' id='word_1_318' title='bbox 1361 1989 1401 2021; x_wconf 91' lang='lat' dir='ltr'><strong>ut</strong></span> <span class='ocrx_word' id='word_1_319' title='bbox 1431 1989 1511 2029; x_wconf 89' lang='lat' dir='ltr'><strong>post</strong></span> <span class='ocrx_word' id='word_1_320' title='bbox 1541 1986 1681 2020; x_wconf 90' lang='lat' dir='ltr'><strong>tertium</strong></span> <span class='ocrx_word' id='word_1_321' title='bbox 1712 1986 1809 2026; x_wconf 87' lang='lat' dir='ltr'><strong>diem,</strong></span> <span class='ocrx_word' id='word_1_322' title='bbox 1850 1996 1952 2030; x_wconf 89' lang='lat' dir='ltr'><strong>quam</strong></span> 
     </span>
     <span class='ocr_line' id='line_1_33' title="bbox 91 2044 903 2089; baseline -0.005 -7"><span class='ocrx_word' id='word_1_323' title='bbox 91 2046 246 2082; x_wconf 85' lang='lat' dir='ltr'><strong>Siciliam</strong></span> <span class='ocrx_word' id='word_1_324' title='bbox 273 2045 449 2089; x_wconf 86' lang='lat' dir='ltr'><strong>attigerat,</strong></span> <span class='ocrx_word' id='word_1_325' title='bbox 479 2046 672 2089; x_wconf 83' lang='lat' dir='ltr'><strong>Syracusas</strong></span> <span class='ocrx_word' id='word_1_326' title='bbox 698 2044 903 2079; x_wconf 86' lang='lat' dir='ltr'><strong>introierit.“</strong></span> 
     </span>
    </p>

    <p class='ocr_par' dir='ltr' id='par_1_13' title="bbox 88 2105 1953 2329">
     <span class='ocr_line' id='line_1_34' title="bbox 251 2105 1953 2150; baseline 0 -10"><span class='ocrx_word' id='word_1_327' title='bbox 251 2106 366 2149; x_wconf 76' lang='lat' dir='ltr'><strong>Quam</strong></span> <span class='ocrx_word' id='word_1_328' title='bbox 391 2105 447 2140; x_wconf 69' lang='lat' dir='ltr'><strong>uli</strong></span> <span class='ocrx_word' id='word_1_329' title='bbox 474 2116 658 2141; x_wconf 79' lang='lat' dir='ltr'><strong>novercam</strong></span> <span class='ocrx_word' id='word_1_330' title='bbox 684 2116 804 2141; x_wconf 80' lang='lat' dir='ltr'><strong>amore</strong></span> <span class='ocrx_word' id='word_1_331' title='bbox 831 2107 951 2150; x_wconf 78' lang='lat' dir='ltr'><strong>captus</strong></span> <span class='ocrx_word' id='word_1_332' title='bbox 977 2105 1170 2141; x_wconf 72' lang='lat' dir='ltr'><strong>induxerat.</strong></span> <span class='ocrx_word' id='word_1_333' title='bbox 1210 2107 1327 2142; x_wconf 82' lang='lat' dir='ltr'><strong>Codex</strong></span> <span class='ocrx_word' id='word_1_334' title='bbox 1345 2106 1551 2141; x_wconf 87' lang='lat' dir='ltr'><strong>Dresdensis</strong></span> <span class='ocrx_word' id='word_1_335' title='bbox 1579 2106 1712 2141; x_wconf 88' lang='lat' dir='ltr'><strong>scribit:</strong></span> <span class='ocrx_word' id='word_1_336' title='bbox 1745 2116 1870 2150; x_wconf 88' lang='lat' dir='ltr'><strong>„quam</strong></span> <span class='ocrx_word' id='word_1_337' title='bbox 1895 2106 1953 2140; x_wconf 87' lang='lat' dir='ltr'><strong>ille</strong></span> 
     </span>
     <span class='ocr_line' id='line_1_35' title="bbox 89 2166 1952 2212; baseline -0.001 -11"><span class='ocrx_word' id='word_1_338' title='bbox 89 2177 276 2202; x_wconf 88' lang='lat' dir='ltr'><strong>novercam</strong></span> <span class='ocrx_word' id='word_1_339' title='bbox 309 2166 340 2200; x_wconf 86' lang='lat' dir='ltr'><strong>ei</strong></span> <span class='ocrx_word' id='word_1_340' title='bbox 372 2176 488 2200; x_wconf 87' lang='lat' dir='ltr'><strong>amore</strong></span> <span class='ocrx_word' id='word_1_341' title='bbox 520 2168 641 2209; x_wconf 88' lang='lat' dir='ltr'><strong>captus</strong></span> <span class='ocrx_word' id='word_1_342' title='bbox 672 2166 891 2200; x_wconf 86' lang='lat' dir='ltr'><strong>induxerat.“</strong></span> <span class='ocrx_word' id='word_1_343' title='bbox 948 2166 1033 2200; x_wconf 82' lang='lat' dir='ltr'><strong>Cum</strong></span> <span class='ocrx_word' id='word_1_344' title='bbox 1065 2169 1179 2201; x_wconf 90' lang='lat' dir='ltr'><strong>autem</strong></span> <span class='ocrx_word' id='word_1_345' title='bbox 1206 2168 1249 2202; x_wconf 84' lang='lat' dir='ltr'><strong>ab</strong></span> <span class='ocrx_word' id='word_1_346' title='bbox 1276 2167 1492 2212; x_wconf 74' lang='lat' dir='ltr'><strong>octoqenario</strong></span> <span class='ocrx_word' id='word_1_347' title='bbox 1517 2168 1623 2212; x_wconf 80' lang='lat' dir='ltr'><strong>patre</strong></span> <span class='ocrx_word' id='word_1_348' title='bbox 1648 2167 1843 2209; x_wconf 87' lang='lat' dir='ltr'><strong>praecedat,</strong></span> <span class='ocrx_word' id='word_1_349' title='bbox 1883 2177 1952 2201; x_wconf 93' lang='lat' dir='ltr'><strong>non</strong></span> 
     </span>
     <span class='ocr_line' id='line_1_36' title="bbox 88 2225 1952 2270; baseline -0.001 -8"><span class='ocrx_word' id='word_1_350' title='bbox 88 2228 277 2263; x_wconf 90' lang='lat' dir='ltr'><strong>verendum</strong></span> <span class='ocrx_word' id='word_1_351' title='bbox 310 2229 372 2266; x_wconf 87' lang='lat' dir='ltr'><strong>est,</strong></span> <span class='ocrx_word' id='word_1_352' title='bbox 406 2236 448 2260; x_wconf 93' lang='lat' dir='ltr'><strong>ne</strong></span> <span class='ocrx_word' id='word_1_353' title='bbox 480 2227 680 2266; x_wconf 89' lang='lat' dir='ltr'><strong>nesciamus,</strong></span> <span class='ocrx_word' id='word_1_354' title='bbox 713 2226 789 2270; x_wconf 87' lang='lat' dir='ltr'><strong>quis</strong></span> <span class='ocrx_word' id='word_1_355' title='bbox 821 2236 1004 2261; x_wconf 90' lang='lat' dir='ltr'><strong>novercam</strong></span> <span class='ocrx_word' id='word_1_356' title='bbox 1035 2225 1218 2261; x_wconf 83' lang='lat' dir='ltr'><strong>induxerit.</strong></span> <span class='ocrx_word' id='word_1_357' title='bbox 1271 2228 1341 2262; x_wconf 90' lang='lat' dir='ltr'><strong>Pro</strong></span> <span class='ocrx_word' id='word_1_358' title='bbox 1378 2228 1559 2270; x_wconf 88' lang='lat' dir='ltr'><strong>„inducere</strong></span> <span class='ocrx_word' id='word_1_359' title='bbox 1586 2228 1790 2262; x_wconf 88' lang='lat' dir='ltr'><strong>novercam“</strong></span> <span class='ocrx_word' id='word_1_360' title='bbox 1822 2228 1952 2261; x_wconf 87' lang='lat' dir='ltr'><strong>Seneca</strong></span> 
     </span>
     <span class='ocr_line' id='line_1_37' title="bbox 89 2285 1713 2329; baseline -0.001 -8"><span class='ocrx_word' id='word_1_361' title='bbox 89 2288 231 2322; x_wconf 90' lang='lat' dir='ltr'><strong>declam.</strong></span> <span class='ocrx_word' id='word_1_362' title='bbox 261 2288 283 2321; x_wconf 92' lang='lat'><strong>3</strong></span> <span class='ocrx_word' id='word_1_363' title='bbox 317 2287 566 2329; x_wconf 87' lang='lat' dir='ltr'><strong>„superducere</strong></span> <span class='ocrx_word' id='word_1_364' title='bbox 593 2287 709 2321; x_wconf 90' lang='lat' dir='ltr'><strong>liberis</strong></span> <span class='ocrx_word' id='word_1_365' title='bbox 735 2287 900 2321; x_wconf 88' lang='lat' dir='ltr'><strong>uxorem“</strong></span> <span class='ocrx_word' id='word_1_366' title='bbox 932 2289 967 2320; x_wconf 92' lang='lat' dir='ltr'><strong>et</strong></span> <span class='ocrx_word' id='word_1_367' title='bbox 993 2287 1118 2321; x_wconf 85' lang='lat' dir='ltr'><strong>Graeci</strong></span> <span class='ocrx_word' id='word_1_368' title='bbox 1149 2285 1348 2329; x_wconf 63' lang='lat' dir='ltr'><strong>„anysodoea</strong></span> <span class='ocrx_word' id='word_1_369' title='bbox 1372 2287 1555 2329; x_wconf 76' lang='grc' dir='ltr'><strong><em>μητρυιάν“</em></strong></span> <span class='ocrx_word' id='word_1_370' title='bbox 1587 2286 1713 2321; x_wconf 90' lang='lat' dir='ltr'><strong>dicunt.</strong></span> 
     </span>
    </p>

    <p class='ocr_par' dir='ltr' id='par_1_14' title="bbox 86 2344 1950 2511">
     <span class='ocr_line' id='line_1_38' title="bbox 247 2344 1948 2394; baseline -0.001 -12"><span class='ocrx_word' id='word_1_371' title='bbox 247 2347 452 2382; x_wconf 86' lang='lat' dir='ltr'><strong>Sedebant</strong></span> <span class='ocrx_word' id='word_1_372' title='bbox 479 2350 637 2382; x_wconf 91' lang='lat' dir='ltr'><strong>centum</strong></span> <span class='ocrx_word' id='word_1_373' title='bbox 664 2349 703 2382; x_wconf 92' lang='lat' dir='ltr'><strong>et</strong></span> <span class='ocrx_word' id='word_1_374' title='bbox 731 2346 943 2391; x_wconf 87' lang='lat' dir='ltr'><strong>octoginta</strong></span> <span class='ocrx_word' id='word_1_375' title='bbox 968 2347 1123 2383; x_wconf 90' lang='lat' dir='ltr'><strong>iudices</strong></span> <span class='ocrx_word' id='word_1_376' title='bbox 1151 2344 1234 2394; x_wconf 92' lang='lat' dir='ltr'><strong>(tot</strong></span> <span class='ocrx_word' id='word_1_377' title='bbox 1262 2346 1364 2381; x_wconf 90' lang='lat' dir='ltr'><strong>enim</strong></span> <span class='ocrx_word' id='word_1_378' title='bbox 1391 2349 1588 2391; x_wconf 90' lang='lat' dir='ltr'><strong>quattuor</strong></span> <span class='ocrx_word' id='word_1_379' title='bbox 1615 2347 1804 2382; x_wconf 88' lang='lat' dir='ltr'><strong>consiliis</strong></span> <span class='ocrx_word' id='word_1_380' title='bbox 1832 2347 1948 2382; x_wconf 92' lang='lat' dir='ltr'><strong>colli-</strong></span> 
     </span>
     <span class='ocr_line' id='line_1_39' title="bbox 86 2405 1950 2455; baseline -0.001 -12"><span class='ocrx_word' id='word_1_381' title='bbox 86 2405 273 2455; x_wconf 88' lang='lat' dir='ltr'><strong>guntur):</strong></span> <span class='ocrx_word' id='word_1_382' title='bbox 315 2407 459 2451; x_wconf 91' lang='lat' dir='ltr'><strong>ingens</strong></span> <span class='ocrx_word' id='word_1_383' title='bbox 487 2407 700 2451; x_wconf 67' lang='lat' dir='ltr'><strong>⁴utrimque</strong></span> <span class='ocrx_word' id='word_1_384' title='bbox 744 2408 962 2443; x_wconf 87' lang='lat' dir='ltr'><strong>advocatio</strong></span> <span class='ocrx_word' id='word_1_385' title='bbox 1004 2410 1043 2442; x_wconf 91' lang='lat' dir='ltr'><strong>et</strong></span> <span class='ocrx_word' id='word_1_386' title='bbox 1082 2418 1299 2442; x_wconf 85' lang='lat' dir='ltr'><strong>numerosa</strong></span> <span class='ocrx_word' id='word_1_387' title='bbox 1339 2407 1551 2448; x_wconf 88' lang='lat' dir='ltr'><strong>subsellia,</strong></span> <span class='ocrx_word' id='word_1_388' title='bbox 1579 2411 1796 2451; x_wconf 88' lang='lat' dir='ltr'><strong>praeterea</strong></span> <span class='ocrx_word' id='word_1_389' title='bbox 1824 2408 1950 2442; x_wconf 89' lang='lat' dir='ltr'><strong>densa</strong></span> 
     </span>
     <span class='ocr_line' id='line_1_40' title="bbox 86 2467 1948 2511; baseline -0.001 -7"><span class='ocrx_word' id='word_1_390' title='bbox 86 2467 440 2504; x_wconf 84' lang='lat' dir='ltr'><strong>circumstantium</strong></span> <span class='ocrx_word' id='word_1_391' title='bbox 481 2478 631 2502; x_wconf 89' lang='lat' dir='ltr'><strong>corona</strong></span> <span class='ocrx_word' id='word_1_392' title='bbox 670 2468 913 2503; x_wconf 89' lang='lat' dir='ltr'><strong>latissimum</strong></span> <span class='ocrx_word' id='word_1_393' title='bbox 952 2468 1148 2503; x_wconf 91' lang='lat' dir='ltr'><strong>iudicium</strong></span> <span class='ocrx_word' id='word_1_394' title='bbox 1187 2467 1407 2511; x_wconf 91' lang='lat' dir='ltr'><strong>multiplici</strong></span> <span class='ocrx_word' id='word_1_395' title='bbox 1443 2467 1597 2503; x_wconf 85' lang='lat' dir='ltr'><strong>circulo</strong></span> <span class='ocrx_word' id='word_1_396' title='bbox 1639 2468 1833 2503; x_wconf 86' lang='lat' dir='ltr'><strong>ambibat.</strong></span> <span class='ocrx_word' id='word_1_397' title='bbox 1887 2467 1948 2502; x_wconf 89' lang='lat' dir='ltr'><strong>Ad</strong></span> 
     </span>
    </p>
   </div>
  </div>
 </body>
</html>
