2090 2607
952 82 996 84 ω
1019 33 1041 68 5

104 153 191 187 libro
230 153 348 196 lapsus
380 157 444 187 est.
496 154 610 187 Verbo
655 154 827 198 „colligit“
870 154 1019 197 genuina
1058 153 1152 188 notio
1192 153 1290 193 inest,
1331 163 1440 196 neque
1470 152 1631 187 Vaticani
1672 152 1799 187 codicis
1835 152 1953 186 lectio:

107 217 346 293 „collocatzf‘
373 238 587 281 respicienda
613 242 676 273 est.
729 239 863 273 Codicis
890 239 1048 273 Vaticani
1076 238 1176 273 lectio
1205 217 1443 294 „collocat?“
1471 249 1539 272 non
1566 238 1631 273 nisi
1659 249 1678 272 e
1705 239 1811 273 verbo
1839 238 1955 278 „colli-

106 325 244 369 gitque“
272 324 437 368 originem
454 325 592 359 duxisse
618 325 686 359 iam
704 325 783 359 inde
809 325 909 360 facile
935 325 1155 369 intellegitur,
1183 325 1274 368 quod
1299 325 1459 359 librarius
1478 324 1627 359 fortasse
1653 325 1798 359 formam
1817 325 1956 359 litterae

107 394 134 431 q
161 395 230 420 non
256 384 342 419 satis
368 384 527 420 distinste
545 385 717 430 cognovit,
744 395 850 429 quare
868 388 1124 421 consonantem:
1154 395 1179 434 q
1207 395 1283 420 cum
1301 385 1492 429 insequenti
1510 385 1637 420 vocali:
1665 395 1678 420 1
1705 386 1741 420 in
1769 385 1954 429 syllabam:

108 479 176 511 cat
201 476 407 520 iungendam
434 486 509 511 esse
535 477 681 520 putavit,
709 477 798 511 sicut
822 477 937 520 paullo
955 480 1033 520 post
1058 477 1208 511 litteras:
1237 469 1289 522 qe
1316 476 1338 510 i.
1357 486 1386 511 e.
1414 486 1479 521 que
1497 476 1669 520 expressit
1685 486 1748 520 per
1765 477 1919 512 vocales:
1939 453 1956 505 ἒ

107 584 283 618 Facillime
309 585 416 628 igitur
441 584 565 618 forma:
594 577 800 629 colliqitqe
828 584 879 617 in:
911 564 1100 639 collocat}
1128 585 1222 619 abire
1248 585 1370 627 potuit.

266 669 441 706 Collocare
471 673 525 705 est
554 670 741 705 medicinae
772 670 859 705 artis
891 671 1101 711 vocabulum,
1141 681 1207 714 quo
1240 671 1424 705 membrum
1459 671 1605 704 fractum
1642 671 1677 705 in
1713 672 1826 705 sedem
1859 681 1955 705 suam

107 730 227 772 repelli
252 730 438 777 reponique
465 731 688 774 significatur.

263 790 410 825 Romani
441 800 564 834 corpus
596 790 677 825 Rufi
709 793 879 825 mortuum
911 790 1080 825 condituri
1110 801 1267 834 pompam
1303 791 1433 825 funeris
1463 791 1641 826 honestam
1674 794 1710 825 et
1740 791 1956 835 magnificam

109 851 272 890 fecerunt,
304 853 340 884 et
367 850 517 894 felicitas
548 850 629 884 Rufi
659 851 707 884 ad
737 861 909 884 summum
931 849 1153 895 perfectiones
1185 850 1336 894 gradum
1371 860 1411 884 eo
1447 850 1613 893 pervenit,
1650 851 1742 894 quod
1776 849 1958 885 Cornelius

114 909 254 946 Tacitus
280 920 356 945 eum
382 921 444 954 pro
471 911 594 946 rostris
621 910 785 946 laudavit.
823 909 945 956 Itaque
974 910 1112 946 Plinius
1138 911 1234 946 dicit:

268 980 419 1022 „Huius
447 980 526 1014 viri
554 980 773 1023 exsequiae
798 990 981 1023 magnum
1001 983 1273 1013 ornamentum
1300 980 1490 1023 principi,
1517 989 1699 1024 magnum
1717 980 1839 1014 etiam
1867 980 1957 1014 foro

110 1043 150 1074 et
176 1040 329 1074 rostris
357 1040 596 1074 attulerunt.
649 1040 863 1074 Laudatus
891 1043 954 1073 est
981 1050 1003 1073 a
1030 1040 1194 1073 consule
1212 1039 1398 1073 Cornelio
1426 1039 1586 1073 Tacito:
1614 1049 1703 1073 nam
1729 1039 1795 1073 hic
1821 1049 1957 1082 supre-

111 1110 196 1135 mus
222 1099 422 1134 felicitati
449 1100 535 1135 eius
562 1100 743 1135 cumulus
770 1099 961 1141 accessit,
988 1099 1182 1135 laudator
1209 1099 1601 1144 eloquentissimus.“

265 1170 354 1203 Nam
381 1169 645 1203 clarissimorum
671 1170 823 1204 virorum
849 1169 1008 1203 funebres
1039 1169 1252 1203 laudationes
1288 1180 1330 1203 eoe
1354 1171 1492 1203 semtus
1519 1167 1669 1203 consulto
1697 1168 1959 1213 magistratibus

112 1239 214 1272 saepe
227 1229 486 1270 mandabantur,
504 1229 707 1272 praesertim
720 1229 749 1263 si
764 1229 912 1273 cognati,
926 1239 969 1263 ne
982 1229 1144 1270 facerent,
1163 1229 1416 1272 impedirentur.
1443 1229 1573 1263 Eodem
1586 1229 1695 1269 modo,
1713 1232 1754 1263 ut
1768 1228 1959 1272 exemplum

112 1289 263 1329 afferam,
294 1290 334 1323 L.
366 1289 522 1323 Cornelio
555 1289 650 1323 Sulla
684 1292 817 1323 mortuo
849 1289 1001 1323 laudatio
1033 1290 1164 1332 publice
1196 1289 1313 1323 habita
1348 1292 1410 1329 est,
1451 1299 1525 1323 cum
1561 1289 1712 1323 Faustus
1743 1289 1835 1323 filius
1866 1292 1959 1324 esset

112 1350 291 1384 admodum
317 1359 412 1393 puer.

267 1410 319 1444 Et
349 1410 418 1444 ille
449 1410 605 1452 quidem
636 1410 778 1452 plenus
811 1409 927 1443 annis
959 1409 1076 1449 abiit,
1117 1409 1258 1451 plenus
1290 1410 1525 1449 honoribus,
1566 1409 1650 1443 illis
1681 1409 1818 1449 etiam,
1860 1419 1960 1453 quos

112 1469 336 1506 recusavit.

269 1532 479 1574 Quamquam
506 1529 632 1575 plenus
666 1530 872 1565 adiectivum
903 1540 925 1564 a
955 1530 1117 1564 Cicerone
1157 1540 1237 1564 raro
1275 1540 1351 1564 cum
1387 1530 1540 1565 ablativo
1577 1530 1806 1574 coniungitur,
1847 1534 1964 1565 tamen

114 1590 223 1625 latina
249 1591 367 1634 lingua
394 1591 436 1624 ab
463 1590 614 1625 ablativo
641 1600 709 1624 non
736 1590 906 1630 abhorret,
934 1593 1037 1633 atque
1065 1590 1295 1631 Quintilianus
1321 1590 1395 1633 ipse
1424 1587 1493 1636 (IX
1520 1591 1553 1630 3,
1583 1588 1622 1637 1)
1649 1590 1713 1624 ait:
1741 1590 1961 1630 „Verborum

115 1661 197 1686 vero
223 1650 344 1696 fiquroe
371 1654 405 1684 et
431 1652 582 1685 mutatae
609 1653 690 1684 sunt
716 1660 849 1693 semper
875 1652 918 1689 et,
945 1652 1126 1692 utcumque
1153 1649 1263 1684 valuit
1295 1651 1514 1689 consuetudo,
1540 1652 1727 1684 mutantur.
1781 1650 1905 1693 Itaque
1933 1651 1963 1684 si

115 1710 292 1754 antiquum
319 1720 507 1745 sermonem
533 1712 650 1744 nostro
678 1719 919 1752 comparemus,
952 1719 1060 1752 paene
1091 1709 1158 1743 iam
1189 1709 1353 1753 quidquid
1384 1709 1553 1753 loquimur
1583 1709 1698 1753 figura
1728 1712 1796 1744 est:
1830 1713 1871 1743 ut
1896 1709 1964 1744 hae

116 1781 154 1805 ‘re
180 1771 333 1805 invidere
351 1770 435 1811 non,
455 1773 495 1804 ut
512 1773 647 1804 veteres
674 1772 709 1803 et
726 1769 843 1804 Cicero
872 1769 1063 1812 praecipae,
1089 1769 1179 1803 hanc
1205 1780 1298 1817 rem;
1329 1771 1364 1803 et
1390 1768 1582 1804 incumbere
1609 1768 1664 1803 ali
1688 1779 1757 1803 11011
1788 1769 1827 1804 in
1858 1768 1967 1810 leum,

116 1835 150 1864 et
176 1822 319 1876 plenum
349 1830 427 1864 vino
455 1840 523 1864 non
549 1829 628 1869 vini,
661 1832 695 1863 et
724 1829 804 1864 huic
828 1839 894 1863 non
922 1829 1012 1863 hunc
1037 1828 1182 1864 adulari
1206 1829 1273 1863 iam
1300 1829 1425 1863 dicitur
1452 1832 1487 1863 et
1512 1829 1603 1863 mille
1630 1829 1732 1863 alia.“

270 1890 393 1924 Nobis
421 1893 551 1924 tamen
578 1889 831 1933 quaerendus
863 1899 908 1923 ac-
939 1889 1233 1924 desiderandus
1265 1893 1328 1924 est
1357 1892 1402 1924 ut
1434 1889 1641 1932 exemplar
1672 1890 1765 1925 aevi
1796 1890 1967 1933 prioris.

268 1958 524 2002 ‚‚Quoerendus“
551 1958 722 2002 scriptura
740 1958 844 1992 multo
863 1957 981 1992 melior
1008 1960 1062 1992 est
1088 1968 1188 2002 quam
1207 1958 1333 1992 codicis
1360 1958 1550 1992 Florentini
1573 1958 1831 2004 Pragensisque
1861 1969 1966 2004 „que—

116 2020 274 2054 rendus.“
330 2019 420 2053 Nam
436 2019 527 2053 inter
544 2030 696 2064 quoerere
724 2022 759 2053 et
776 2018 971 2053 desiderare
998 2017 1062 2052 hoc
1079 2019 1224 2052 maxime
1243 2019 1393 2058 interest,
1421 2019 1522 2062 quod,
1550 2018 1716 2063 quidquid
1741 2019 1968 2060 desideratur,

64 2091 68 2097 ’
117 2079 293 2114 ardentius
320 2079 473 2122 cupimus
500 2082 536 2113 et
562 2079 705 2119 sitimus,
733 2089 833 2123 quam
860 2078 950 2122 quod
977 2078 1162 2121 quaeritur.
1203 2079 1324 2122 Itaque
1351 2078 1483 2113 Plinius
1510 2079 1584 2122 ipse
1611 2076 1681 2125 (VI
1700 2080 1734 2120 2,
1764 2078 1804 2127 1)
1832 2080 1965 2114 scribit:

122 2139 242 2182 „Soleo
270 2148 522 2182 nonnumquam
548 2139 584 2172 in
610 2139 744 2173 iudiciis
772 2147 935 2182 quaerere
965 2138 1120 2172 Marcum
1152 2138 1331 2182 Regulum,
1361 2138 1439 2172 nolo
1467 2138 1557 2172 enim
1583 2138 1707 2180 dicere,
1735 2139 1964 2174 desiderare.“

272 2206 353 2242 Rufi
370 2206 441 2242 vita
459 2209 497 2241 et'
518 2206 670 2251 forensis
697 2210 732 2242 et
748 2206 941 2242 umbratilis
968 2209 1044 2241 erat
1061 2206 1297 2249 admirabam-
1322 2206 1440 2250 itaque
1467 2207 1600 2242 Plinius
1617 2208 1747 2242 Rufum
1765 2219 1832 2241 non
1860 2208 1969 2242 solum

118 2269 153 2301 in
180 2267 268 2301 omni
296 2267 431 2301 actione
458 2270 562 2309 atque
589 2267 884 2301 administratione
911 2267 1062 2300 civitatis
1088 2259 1274 2306 florentem,
1306 2267 1366 2300 sed
1394 2267 1497 2301 etiam
1530 2278 1552 2302 a
1578 2268 1725 2312 negotiis
1752 2268 1897 2311 publicis
1924 2268 1968 2302 ad

119 2327 225 2364 vitam
243 2327 458 2362 umbratilem
485 2330 520 2362 et
546 2327 690 2362 otiosam
708 2328 953 2372 perfugientem
981 2327 1154 2372 diligebat.
1208 2328 1261 2362 Ad
1288 2328 1352 2362 hoc
1369 2328 1544 2370 pertinent
1570 2330 1692 2364 verba:
1725 2329 1864 2371 „Illum
1892 2339 1969 2363 non

120 2389 246 2423 solum
272 2388 432 2431 publice
460 2389 529 2421 sed
561 2389 682 2422 etiam
709 2389 902 2430 privatim
930 2392 1118 2431 quantum
1150 2388 1381 2421 admirabar
1407 2390 1565 2422 tantum
1592 2389 1850 2432 diligebam.“

217 2436 220 2438 q
273 2448 388 2482 Verba
414 2448 493 2488 „sed
519 2448 621 2483 etiam
650 2448 833 2493 privatum
860 2458 947 2492 quae
979 2452 1152 2482 corrector
1184 2448 1309 2482 codicis
1337 2447 1498 2483 Vaticani
1525 2452 1561 2483 et
1587 2449 1754 2483 editiones
1782 2449 1909 2483 Aldina
1935 2451 1970 2482 et
