2090 2607
985 11 1007 59 [ὅ

69 132 185 166 valido
213 141 288 165 cum
315 131 475 174 remige*
533 131 644 164 Classi
685 131 776 173 apud
808 131 978 164 Misenum
1019 129 1173 164 versanti
1215 139 1254 163 eo
1288 132 1440 173 tempore
1480 139 1546 173 quo
1582 128 1708 163 Vesuvi
1733 128 1928 165 incendium

66 191 209 226 excitari
238 195 393 234 coeptum
421 195 482 231 est,
510 190 642 225 Plinius
669 191 784 226 Maior
811 195 983 234 praeerat.

221 253 374 285 Nonum
401 248 477 295 (scl.
507 251 594 285 diem
623 251 720 298 ante)
749 253 952 286 Calendas
985 253 1243 295 Septembres
1276 251 1375 285 hora
1406 250 1581 293 septima
1611 247 1815 296 (meridiano
1843 253 1926 286 tem-

67 322 151 356 pore
177 311 328 347 vicesimi
356 311 472 355 quarti
499 311 565 345 diei
598 312 747 355 Augusti
780 313 905 347 mensis
938 312 1019 347 anni
1052 312 1296 356 septuagesimi
1327 311 1407 346 noni
1434 321 1466 354 p.
1499 311 1577 345 Chr.
1605 308 1655 357 n.)
1687 313 1816 345 mater
1841 320 1928 346 mea

66 373 225 408 iudicat
252 371 284 406 ei
314 382 515 415 apparere
543 373 684 406 nubem
712 372 918 407 inusitata
949 377 988 406 et
1014 373 1294 417 magnitudine
1326 374 1366 405 et
1392 371 1541 415 specie.
1595 371 1701 405 Usus
1728 371 1800 405 ille
1827 372 1927 413 sole,

66 443 154 467 mox
181 431 337 476 frigida
364 428 441 478 (sel.
469 430 587 479 aqua),
615 436 865 476 gustaverat
891 433 1030 468 iacens
1058 434 1348 476 studebatque.

221 493 269 526 Ut
301 493 389 525 enim
431 494 521 526 bona
552 493 718 535 firmaque
759 493 957 526 valetudine
988 497 1177 533 uterentur,
1218 492 1364 526 Romani
1398 492 1433 526 in
1463 491 1542 531 sole,
1583 491 1611 525 si
1645 492 1786 525 carebat
1812 495 1926 534 vento,

68 551 291 586 ambulabant
316 551 371 587 vel
398 551 567 592 iacebant,
603 556 637 586 et
664 563 739 587 cum
780 553 929 588 Antonio
961 553 1095 594 Musae,
1127 557 1167 588 ut
1193 554 1349 597 Augusto
1390 552 1587 595 imperatori
1613 553 1807 586 mederetur
1832 564 1929 598 aqua

64 612 189 656 melida,
231 612 442 655 contigisset,
484 613 630 646 Romani
664 613 806 646 balneas
839 613 933 647 cellis
962 613 1164 657 Ῑῖνιζᾳίιῑανίίε
1201 613 1361 655 spatiosis
1393 612 1540 656 latisque
1572 612 1787 647 instruebant
1823 615 1927 657 atque

69 673 250 708 ornabant.

222 734 337 777 Atque
369 733 502 768 Plinius
534 734 617 777 ipse,
660 738 842 778 postquam
874 735 1050 777 apricatus
1082 737 1167 774 erat,
1207 734 1405 777 plerumque
1440 733 1568 777 frigida
1604 743 1695 777 aqua
1730 734 1926 769 lavabatur.

68 793 202 827 Deinde
229 794 394 836 gustabat
411 793 670 837 dormiebatque
689 794 909 838 aliquamdiu.
963 795 1072 829 Paulo
1099 798 1179 837 post
1197 794 1356 828 studebat
1383 793 1418 827 in
1445 803 1549 828 cenae
1576 796 1718 837 tempus.
1756 794 1925 830 Gustabat

68 858 122 888 est
149 855 240 898 apud
259 854 421 888 Plinimn:
450 854 560 889 levem
579 858 615 889 et
633 855 767 889 facilem
786 855 897 889 cibum
915 855 1006 890 inter
1023 855 1203 898 prandium
1222 857 1257 888 et
1283 864 1401 888 cenam
1420 855 1607 889 sumebat.“
1665 855 1731 889 Sed
1749 855 1926 898 permultis

68 915 212 949 aliorum
232 915 438 957 scriptorum
455 915 541 948 locis
557 915 706 959 gustatio
726 915 782 949 vel
802 915 996 960 promulsis
1014 915 1274 958 interpretanda
1292 917 1344 948 est
1362 914 1508 949 leviores
1527 914 1602 955 cibi,
1630 914 1751 958 quibus
1769 915 1926 957 Romani,

68 975 268 1019 priusquam
295 975 440 1009 cenandi
468 975 601 1009 initium
634 976 797 1016 facerent,
830 986 897 1019 quo
929 976 1107 1010 iucundius
1138 975 1336 1019 largiusque
1363 975 1593 1017 epularent1u·‚
1625 976 1861 1016 vescebantur,
1887 979 1928 1012 ut

69 1036 155 1075 ovis,
183 1036 334 1077 piscibus
363 1036 435 1069 sale
463 1036 620 1074 conditis,
648 1036 766 1075 mulso,
794 1036 881 1069 aliis.

226 1095 370 1129 Poscit
401 1095 552 1135 soleas,
585 1096 773 1130 ascendit
803 1096 933 1130 locum
966 1105 1011 1130 ex
1044 1105 1119 1138 quo
1153 1094 1321 1129 maxime
1352 1094 1588 1129 miraculum
1620 1095 1721 1129 illud
1749 1096 1928 1139 conspici

70 1159 249 1198 poterat.
304 1155 452 1195 Nubes,
486 1155 685 1189 incertum
717 1156 860 1198 procul
897 1155 1150 1189 intuentibus
1183 1165 1229 1188 ex
1262 1164 1337 1197 quo
1370 1156 1502 1188 monte
1535 1151 1769 1200 (Vesuvium
1800 1155 1929 1203 fuisse

72 1219 216 1259 postea
244 1215 451 1259 cognitum
479 1214 558 1263 est)
592 1216 816 1256 oriebatur,
850 1216 961 1250 cuius
990 1215 1298 1250 similitudinem
1330 1217 1369 1249 et
1396 1215 1560 1250 formam
1588 1226 1664 1250 non
1692 1216 1776 1251 alia
1801 1217 1929 1262 magis

72 1277 195 1311 arbor
222 1286 337 1320 quam
369 1276 488 1319 pinus
522 1277 792 1319 expresserit.
847 1277 945 1310 Nam
977 1276 1216 1320 longissimo
1249 1276 1361 1310 velut
1393 1278 1536 1310 trunco
1569 1276 1679 1311 elata
1711 1273 1809 1323 (nonz
1840 1276 1930 1323 flata

73 1337 127 1372 vel
156 1335 292 1384 efflata)
321 1337 360 1370 in
388 1337 513 1371 altum
542 1337 782 1381 quibusdam
810 1337 931 1371 ramis
959 1337 1283 1377 diffundebatur,
1311 1337 1446 1377 credo,
1474 1336 1568 1381 quia
1595 1337 1749 1372 recenti
1778 1338 1929 1382 spiritu

73 1400 230 1438 evecta,
259 1397 351 1432 dein
370 1402 610 1433 senescente
639 1409 683 1432 eo
703 1398 909 1432 destituta
936 1402 1005 1432 aut
1032 1398 1151 1432 etiam
1169 1399 1347 1440 pondere
1374 1407 1444 1431 suo
1463 1398 1575 1432 victa
1601 1398 1640 1431 in
1667 1398 1927 1433 latitudinem

72 1459 334 1492 vanescebat:
368 1458 545 1491 candida
586 1458 802 1497 interdum,
844 1458 1044 1491 interdum
1084 1457 1252 1491 sordida
1292 1460 1330 1491 et
1367 1457 1587 1498 maculosa,
1623 1454 1748 1501 'prout
1779 1460 1929 1493 terram

73 1517 299 1552 cineremve
336 1518 580 1560 sustule1·at;
622 1528 806 1561 magnum
847 1518 1096 1560 propiusque
1136 1518 1393 1556 noscendum,
1434 1520 1478 1551 ut
1510 1517 1788 1552 eruditissimo
1825 1518 1928 1559 viro,

72 1578 216 1612 visum.

227 1638 333 1672 Pinus
362 1641 414 1672 est
441 1638 565 1672 Italiae
586 1638 696 1683 pinus
717 1638 826 1683 pinea
854 1638 888 1671 in
916 1637 1134 1680 spectabilem
1161 1637 1426 1686 magnitudinem
1458 1647 1623 1678 crescens,
1656 1638 1752 1672 cuius
1779 1648 1928 1673 summus

74 1702 214 1731 truncus
241 1701 332 1731 tecto
360 1699 507 1741 quodam
534 1698 697 1731 frondoso
726 1698 865 1740 latoque
892 1701 931 1730 ut
958 1697 1103 1730 mnbella
1131 1699 1272 1730 ornatus
1300 1700 1362 1730 est.

229 1759 345 1792 Iubet
372 1758 631 1792 Liburnicam
661 1758 812 1801 aptari,
843 1760 877 1792 ut
903 1757 993 1792 uncle
1012 1757 1114 1792 nubes
1141 1759 1261 1792 eoeorta
1284 1759 1377 1797 esset,
1405 1768 1510 1802 quam
1522 1757 1680 1803 primum
1709 1761 1929 1803 coqnosceret.

75 1818 377 1861 Egrediebatur
404 1820 531 1852 domo:
561 1819 713 1861 accipit
740 1818 956 1852 codicillos
985 1814 1205 1863 (Dresdensis
1233 1818 1354 1851 codex:
1383 1816 1542 1864 accepit).

230 1879 328 1912 Nunc
355 1879 614 1921 corruptissima
641 1879 805 1912 librorum
824 1878 996 1920 scriptura
1014 1877 1197 1919 1·epe1itur;
1225 1887 1326 1920 quam
1353 1877 1382 1911 si
1401 1877 1581 1920 quisquam
1608 1878 1788 1911 emendare
1807 1878 1929 1921 potuit,

75 1941 168 1971 certe
186 1938 316 1971 Keilius
335 1938 595 1972 emendavisset.
651 1938 776 1972 Omnes
794 1937 952 1971 nimirum
972 1937 1186 1971 coniecturae
1205 1937 1316 1971 adhuc
1334 1937 1551 1981 excogitatae
1569 1938 1614 1972 ad
1631 1947 1746 1972 rerum
1764 1947 1929 1973 conexum

76 2007 197 2040 parum
228 1999 502 2032 accommodatae
539 2002 574 2032 et
605 1999 714 2033 minus
747 2002 850 2041 aptae
883 2001 972 2037 sunt,
1005 2007 1106 2040 quam
1139 2008 1226 2040 quae
1254 1998 1343 2031 omni
1384 2008 1426 2031 ex
1461 2001 1561 2040 parte
1600 1999 1701 2040 plane
1732 2000 1929 2040 probentur.

76 2059 123 2091 At
151 2056 282 2090 Plinius
309 2058 350 2091 de
378 2058 519 2092 Caesio
547 2059 675 2092 Basso
709 2058 866 2102 quodam,
907 2057 1003 2091 cuius
1036 2056 1137 2091 villa
1168 2057 1418 2098 subiacebat,
1460 2057 1610 2093 fortasse
1649 2057 1831 2103 cogitavit;
1870 2058 1929 2103 qui

75 2117 300 2152 imminenti
328 2119 506 2160 periculo
527 2120 752 2153 exterritus
771 2118 883 2153 Plinio
902 2118 1038 2157 Maiori,
1057 2121 1101 2152 ut
1119 2129 1160 2151 se
1179 2128 1325 2161 suosque
1344 2122 1460 2152 tanto
1484 2119 1716 2152 discrimine
1735 2120 1929 2161 eriperet,

75 2177 293 2211 codicillos
322 2177 452 2210 misisse
479 2178 624 2218 videtur,
653 2179 743 2221 quod
770 2178 883 2212 nulla
910 2177 990 2211 nisi
1017 2177 1189 2211 navibus
1217 2177 1312 2220 fuga
1339 2180 1439 2211 esset.
1586 2176 1589 2179 ”

236 2235 384 2270 Goesium
407 2236 566 2277 Bassum,
595 2238 648 2272 cui
675 2238 815 2272 Persius
844 2240 978 2272 sextam
1006 2237 1148 2271 satiram
1177 2237 1358 2278 dedicavit,
1385 2238 1494 2281 ipsum
1523 2237 1665 2272 ardente
1684 2238 1834 2274 Vesuvio
1861 2248 1930 2273 una

76 2307 151 2331 cum
180 2297 264 2331 villa
291 2306 354 2330 sua
381 2300 493 2330 ustum
521 2308 595 2332 esse
623 2299 813 2341 explicator
841 2298 1026 2333 satirarum
1054 2297 1153 2331 Persi
1180 2297 1297 2331 tradit.

231 2356 370 2391 Vertit
397 2358 609 2394 consilium
636 2362 676 2393 et
702 2359 807 2403 quod
839 2358 1024 2394 studioso
1053 2358 1182 2393 animo
1209 2358 1479 2394 incohaverat
1506 2359 1636 2402 (studio
1662 2370 1804 2395 causam
1830 2359 1931 2394 nubis

74 2421 201 2453 eaeortae
228 2418 478 2461 coqnoscendi),
507 2419 591 2452 obit
617 2420 786 2454 maximo
815 2416 867 2465 (id
894 2422 960 2452 est:
990 2429 1026 2453 eo
1055 2418 1195 2453 consilio
1227 2429 1333 2463 eaque
1360 2430 1430 2464 qua
1456 2421 1532 2453 erat
1558 2419 1792 2464 magnitudine
1818 2419 1931 2455 animi

73 2481 104 2514 et
130 2478 354 2518 hmrmnitate,
385 2479 419 2512 ιιέ
447 2488 551 2523 quam
572 2477 738 2524 plurimis
767 2480 838 2525 ipse
865 2479 1010 2515 salutem
1038 2478 1174 2514 laturus
1202 2481 1294 2514 esset.
1478 2473 1482 2478 ⁴

1065 2593 1071 2607 l
