2090 2607
93 270 175 333 De
215 268 365 332 Plini
400 267 644 331 Secundi
670 269 910 335 Minoris
944 263 1089 328 locis
1126 263 1464 345 quibusdam
1499 261 1947 344 interpretandis

748 373 805 433 et
846 361 1286 442 emendandis.*)

776 536 794 539 γ,
811 536 813 538 ,
835 521 969 549 μθ),
978 508 1186 560 *AEQ&-⁴

248 669 351 703 Caius
378 669 510 703 Plinius
538 669 695 703 Oaecilius
723 669 898 703 Secundus
925 669 1048 709 Minor,
1082 668 1140 713 qui
1167 668 1391 712 epistularum
1422 666 1527 700 libros
1559 674 1690 705 novem,
1722 663 1945 708 epistularum

91 729 139 762 ml
171 729 360 771 Trajanum
391 728 523 767 librum,
557 729 799 771 panegyricum
837 728 953 768 edidit,
992 739 1083 762 anno
1115 729 1326 772 sexagesima)
1364 727 1472 762 altero
1505 729 1584 768 post
1614 725 1787 759 Christum
1817 727 1944 763 natum,

93 792 218 823 octavo
246 798 334 822 311110
353 792 440 831 post,
468 798 569 831 quam
589 789 679 822 Nero
698 788 876 831 imperium
904 791 1109 831 susceperat,
1140 788 1245 828 Gonu,
1273 788 1307 821 in
1335 786 1524 822 clarissimo
1543 784 1666 820 Galliae
1685 783 1945 826 Transpadanae

93 848 287 890 municipio,
315 852 411 881 ortus
439 848 514 882 fuit.

250 909 389 942 Comum
412 908 457 942 ad
474 908 616 945 Larium
634 908 744 942 lacum
764 908 865 942 situm
884 912 969 948 erat,
988 918 1087 951 quem
1105 908 1229 942 idcirco
1248 919 1349 942 sacam
1368 907 1521 950 appellat
1547 903 1601 951 (ΙΙ
1621 905 1652 946 8,
1674 906 1710 947 13
1737 905 1788 938 VI
1816 905 1874 944 24,
1894 901 1945 950 2).

93 968 198 1003 Cuius
217 968 252 1002 in
269 968 369 1002 litore
397 969 536 1011 plures
559 968 806 1002 amoenissimas
833 968 960 1003 villas
987 968 1192 1011 possidebat,
1221 969 1290 1002 sed
1317 969 1417 1002 duae
1445 976 1530 1001 eum
1548 965 1716 1000 maxime
1743 968 1788 998 ut
1814 964 1947 998 delec-

95 1030 255 1068 tabant,
283 1029 343 1062 ita
362 1029 623 1062 exercebant.
677 1029 821 1063 Altera
847 1029 1039 1072 imposita
1067 1029 1178 1063 saxis
1196 1039 1303 1062 more
1321 1028 1476 1062 Baiano
1504 1027 1635 1061 lacum
1651 1025 1945 1069 prospiciebat.

94 1089 229 1123 altera
266 1098 392 1131 aeque
431 1098 539 1122 more
579 1088 734 1122 Baiano
775 1089 905 1122 lacum
950 1090 1164 1132 tangebat;
1202 1089 1301 1122 haec
1340 1089 1431 1122 lacu
1475 1087 1660 1130 propius,
1701 1086 1774 1119 illa
1818 1085 1947 1119 latius

94 1150 300 1189 utebatur:
328 1149 401 1183 illa
428 1149 581 1182 fluctus
608 1159 685 1183 non
713 1149 931 1189 sentiebat,
959 1149 1057 1183 haec
1084 1149 1316 1193 frangebat.

250 1210 400 1249 Quarum
429 1209 585 1242 villarum
613 1209 873 1242 aedificationem
901 1213 1142 1252 aspectumque
1170 1209 1300 1242 Plinius
1327 1209 1348 1241 1.
1377 1209 1429 1241 IX
1456 1218 1507 1250 ep.
1540 1208 1558 1241 7
1588 1207 1761 1241 describit.

250 1268 359 1309 Bane,
386 1269 480 1303 intra
498 1269 622 1303 Cumas
650 1272 684 1303 et
702 1270 864 1304 Puteolos
893 1269 979 1309 sitae,
1006 1269 1130 1313 quippe
1157 1279 1232 1312 quae
1258 1268 1454 1302 amoenitate
1472 1268 1633 1307 locorum,
1660 1276 1827 1310 aquarum
1854 1266 1945 1301 salu-

93 1329 230 1369 britate,
257 1329 477 1363 iucundidate
508 1329 590 1363 vitae
620 1332 749 1372 praeter
779 1330 929 1373 reliquas
961 1330 1102 1364 balneas
1135 1329 1245 1363 Italiae
1272 1329 1441 1368 florerent,
1473 1328 1609 1362 ineunte
1637 1331 1760 1361 aestate
1786 1327 1948 1370 frequen-

93 1390 267 1430 tabantur,
295 1399 363 1433 qua
390 1390 432 1423 de
459 1399 565 1424 eausa
591 1390 758 1426 Horatius
786 1391 820 1424 in
848 1401 899 1433 ep.
928 1392 945 1425 I
975 1392 1006 1430 1,
1034 1401 1084 1425 vs·
1117 1390 1262 1424 83—85
1292 1389 1387 1423 dicit:

511 1450 653 1491 „Nullus
680 1450 716 1483 in
743 1452 824 1484 orbe
852 1451 946 1485 sinus
972 1451 1069 1485 Baiis
1096 1451 1259 1493 111-31111001.
1285 1449 1435 1483 amoenis.

507 1509 542 1543 Si
569 1510 658 1544 dixit
685 1510 791 1550 dives,
818 1511 913 1545 lacus
940 1514 975 1545 et
1001 1520 1094 1545 mare
1122 1510 1225 1544 sentit
1250 1519 1398 1543 amorem

507 1569 720 1603 Festinantis
748 1570 829 1603 eri.“

247 1630 372 1664 Villam
400 1629 524 1664 alicubi
552 1629 762 1664 aedifieantes
781 1631 927 1665 Romani
955 1634 1063 1665 totam
1081 1630 1222 1665 Baianae
1250 1629 1398 1673 regionis
1426 1631 1584 1663 naturam
1612 1627 1839 1673 villarumque
1865 1638 1948 1663 oon·

94 1689 260 1724 dicionem
288 1690 395 1724 secuti
422 1690 528 1724 Baias
556 1693 591 1723 et
616 1691 700 1730 loca,
729 1701 805 1734 quae
833 1691 1127 1731 circumiacebant‚
1159 1691 1389 1729 imitabantur,
1422 1689 1613 1732 praesertim
1640 1699 1717 1723 011111
1743 1689 1947 1724 nobilissimi

94 1754 129 1785 et
156 1751 349 1786 divitissimi
376 1751 487 1786 10011111
527 1750 620 1785 11111111
648 1751 902 1786 celeberrimum
935 1750 1072 1796 praediis
1100 1751 1274 1795 permultis
1305 1745 1541 1785 amoenissimis
1583 1749 1770 1794 iisdemque
1798 1750 1950 1794 splendi-

95 1811 242 1845 dissimis
262 1815 435 1845 ornarent.
490 1811 603 1851 Marii,
631 1812 795 1851 Caesares,
824 1813 965 1855 Pompei
991 1813 1161 1855 lapidibus
1180 1812 1357 1855 quadratis
1385 1811 1441 1844 vel
1459 1811 1553 1844 saxis
1571 1810 1674 1845 villas
1702 1820 1784 1845 suas
1807 1812 1948 1845 summis

94 1871 178 1905 locis
207 1872 439 1911 exstruebant,
470 1874 510 1905 ut
537 1871 778 1906 aedifieantium
811 1875 957 1906 mentem
987 1872 1224 1916 ingeniumque
1256 1874 1429 1914 tamquam
1459 1880 1531 1914 prae
1564 1881 1600 1905 se
1633 1870 1784 1905 ferentes
1816 1871 1950 1906 arcium

92 1931 205 1965 instar
230 1934 339 1965 totam
356 1932 530 1975 regionem
557 1935 672 1966 tenere
691 1932 901 1972 viderentur,
928 1942 1005 1967 cum
1031 1932 1090 1967 alii
1108 1931 1278 1976 suggestis
1297 1931 1441 1965 molibus
1467 1931 1574 1965 maris
1591 1931 1689 1966 Baiis
1716 1932 1948 1975 obstrepentis

84 1991 198 2025 litora
224 1993 476 2034 submove1·ent;
503 1993 619 2035 itaque
647 2002 704 2025 eos
732 1993 899 2027 Horatius
928 2003 1049 2036 parum
1080 1993 1264 2035 locupletes
1293 1991 1488 2025 continente
1514 1991 1591 2034 ripa
1618 1988 1700 2037 (Od.
1729 1993 1766 2027 II
1795 1993 1853 2033 18,
1881 1991 1948 2040 22)

95 2053 130 2084 et
155 2054 258 2085 terrae
285 2051 484 2086 fastidiosos
511 2052 664 2086 dominos
692 2049 772 2097 (Od.
804 2053 859 2086 III
893 2054 923 2093 1,
953 2051 1018 2099 36)
1047 2056 1126 2095 apte
1158 2055 1269 2086 vocat.
1331 2051 1518 2096 Utramque
1557 2052 1752 2087 aedificandi
1778 2053 1945 2087 rationem

95 2114 130 2145 et
147 2111 324 2146 consilium
342 2112 459 2146 iniisse
477 2112 623 2146 Plinium
642 2112 743 2147 valde
761 2113 874 2153 iuvat,
900 2116 940 2147 ut
964 2113 1037 2156 ipse
1056 2112 1139 2146 dicit
1157 2112 1242 2147 duas
1261 2112 1306 2146 ad
1324 2112 1466 2146 Larium
1483 2112 1596 2147 lacum
1615 2112 1717 2148 villas
1735 2113 1945 2148 describens:

95 2181 138 2206 ex
163 2181 233 2206 una
259 2171 352 2213 villa,
380 2173 437 2206 ubi
465 2172 588 2206 fluctus
615 2182 683 2206 non
702 2174 904 2213 sentiantur,
932 2183 969 2207 se
995 2183 1095 2215 posse
1118 2173 1291 2215 despicere
1318 2172 1502 2215 piscantes,
1530 2183 1573 2207 ex
1591 2174 1711 2213 altera,
1738 2174 1796 2207 ubi
1822 2174 1947 2209 fluctus

94 2232 312 2277 frangantur,
338 2233 448 2276 ipsum
476 2233 602 2276 piscari
629 2233 832 2278 hamumque
859 2234 901 2268 de
929 2234 1080 2268 cubiculo
1113 2243 1154 2268 ac
1181 2243 1276 2277 paene
1309 2234 1350 2267 de
1382 2233 1506 2268 lectulo
1534 2237 1576 2268 ut
1601 2244 1619 2267 e
1646 2235 1795 2268 naucula
1820 2235 1946 2270 iacere.

95 2293 179 2333 Quis
206 2296 267 2333 est,
296 2294 377 2336 quin
404 2294 468 2327 hac
495 2294 529 2327 in
556 2304 594 2327 re
621 2295 662 2327 (le
689 2284 879 2328 Britanniae
907 2294 1158 2337 perillustribus
1186 2295 1270 2328 viris
1297 2295 1397 2328 hamo
1424 2295 1637 2337 piscantibus
1665 2294 1817 2339 cogitet?

252 2403 276 2435 *)
301 2401 348 2427 Ad
369 2410 484 2428 manum
512 2402 580 2440 mihi
608 2406 671 2429 erat
693 2402 810 2429 Henrici
836 2402 923 2429 Keilii
959 2402 1047 2429 editio
1075 2402 1173 2429 critica
1200 2402 1322 2436 (Lipsiae.
1351 2403 1436 2437 1870),
1464 2411 1548 2437 quam
1576 2406 1688 2430 secutus
1716 2403 1843 2438 singulos
1869 2403 1947 2430 locon

96 2442 242 2471 Plinianos
260 2444 353 2474 attuli,
