2090 2607
106 145 203 178 qmm
232 133 372 179 ιἠῳίενε
404 133 553 168 noluisse
585 134 706 168 f.ertur
760 136 843 169 Cum
886 135 919 169 in
952 134 1138 169 Germania
1178 134 1363 177 superiore,
1403 133 1540 168 Nerone
1579 133 1794 177 imperatore,
1833 131 1968 192 mugnis

110 193 217 236 copiis
243 197 421 236 praeesset
447 197 483 227 et
508 194 639 227 Julium
656 194 844 234 Vindicem
872 195 930 238 qui
957 198 1075 237 partes
1103 194 1311 237 sequebatur
1338 193 1437 228 Servi
1460 192 1588 236 Sulpici
1605 192 1747 232 Galbae,
1774 174 1968 233 devicisset,

110 252 351 295 praetorianae
378 253 537 287 cohortes
569 263 645 287 eum
676 253 906 297 impellebant,
938 258 978 288 ut
1008 253 1071 287 sibi
1104 253 1322 297 imperatoris
1354 255 1561 296 potestatem
1587 252 1781 288 vindicaret
1806 246 1908 298 (Tac.
1933 252 1967 287 h.

110 314 127 347 Ι
155 313 189 354 8,
217 313 280 355 52;
308 313 399 347 Plut.
427 313 526 347 Galb.
554 314 618 356 VI;
646 314 712 348 Dio
742 315 802 355 63,
830 316 889 355 24,
918 313 999 362 25),
1027 314 1160 348 Othone
1180 318 1323 355 mortuo,
1350 313 1502 358 legiones
1527 316 1607 357 post
1633 312 1799 356 proelium
1823 312 1968 347 Bedria-

109 383 210 408 cense
236 373 359 407 iterum
378 374 607 408 decreverunt
633 375 678 409 ad
706 385 781 409 eum
813 385 926 409 rerum
950 385 1113 409 summam
1142 375 1277 409 deferre
1304 371 1404 421 (Tac.
1430 374 1464 408 h.
1483 374 1518 409 Π
1538 374 1597 409 49.
1617 371 1694 421 51).
1747 373 1867 417 Neque
1885 383 1968 408 vero

110 434 222 468 Rufus
249 433 392 468 militum
420 434 563 469 arbitrio
591 435 690 470 favit.

265 495 478 535 Caesares,
499 495 652 538 ‘quibus
671 500 885 539 suspectus
904 499 1025 539 atque
1053 496 1175 530 etiam
1208 496 1367 530 invisus
1398 495 1628 530 virtutibus
1658 494 1810 535 fuerat,
1837 493 1969 529 Rufus

110 555 258 589 evasit.

265 615 426 650 Evadere
453 615 482 649 si
510 616 598 649 idem
618 617 711 650 valet
738 617 828 659 quod
848 616 1008 660 effugere,
1035 617 1209 660 verbaque
1228 617 1391 650 excedere
1419 620 1453 650 et
1471 615 1586 660 egredi
1614 625 1689 649 cum
1707 614 1797 649 nudo
1817 613 1969 649 ablativo

110 675 165 710 vel
196 675 452 718 praepositione
490 686 533 710 ex
566 677 725 720 coniungi
760 677 879 710 solent.
936 677 1066 710 Plinius
1099 682 1213 711 autem
1255 681 1289 710 et
1321 678 1379 711 alii
1416 677 1611 719 scriptores,
1651 676 1708 719 qui
1740 676 1903 709 Cicerone
1934 678 1970 708 et

109 735 260 768 Caesare
285 735 422 768 omissis
451 737 620 769 secundas
649 741 775 778 partes,
803 739 842 769 ut
868 737 919 770 ita
946 737 1066 776 dicam,
1094 741 1212 780 agunt,
1240 737 1329 780 quod
1358 737 1401 770 ad
1421 735 1589 770 scribendi
1616 735 1783 769 rationem
1810 734 1969 778 pertinet,

109 794 163 829 his
190 795 308 830 verbis
336 795 388 829 usi
417 796 653 831 accusativum
673 807 836 839 persaepe
865 797 1037 836 adhibent,
1066 801 1104 830 ut
1123 798 1286 839 scriptum
1314 797 1503 831 videamus:
1532 796 1709 836 ‚,Insidias,
1737 796 1850 829 omnia
1876 795 1970 829 vitae

111 855 324 888 incommoda
343 857 492 889 evadere
511 853 655 902 (Suet.);
682 858 799 889 urbem
824 857 950 900 egredi,
979 857 1118 897 curiam,
1146 858 1263 890 urbem
1282 857 1446 890 excedere
1465 854 1591 903 (Liv.);
1618 855 1794 900 fastigium
1813 857 1970 899 equestre

110 916 276 951 excedere
304 915 438 963 (Tac.);
480 921 572 951 tecta
600 917 774 958 excedere,
811 918 992 952 veritatem
1020 918 1136 961 egredi
1169 916 1304 962 (Plinm
1341 917 1470 961 egressi
1503 921 1594 951 tecta
1622 917 1837 951 consistimus
1865 912 1969 962 (Plin.

111 986 162 1019 ep.
191 976 241 1010 VI
270 977 329 1017 20,
359 976 414 1017 SM
441 977 543 1011 limen
572 978 687 1020 egredi
716 978 848 1022 (Quint.
877 979 928 1011 XI
957 979 990 1017 ⁴2,
1021 977 1118 1019 13)ae

267 1038 426 1071 Annum
454 1038 621 1072 tertium
650 1042 689 1071 et
708 1039 996 1080 octogesimum
1017 1038 1196 1071 excessit
1216 1038 1346 1072 Rufus
1364 1038 1403 1071 in
1422 1037 1625 1071 altissima
1648 1036 1970 1080 tranquillitate,

111 1097 200 1139 pari
229 1097 508 1132 veneratione.

269 1158 454 1201 Verginius
483 1158 607 1198 Rufus,
636 1169 702 1201 quo
730 1159 802 1192 fere
830 1170 926 1192 nemo
947 1163 1017 1192 tuin
1045 1160 1201 1193 maximis
1229 1159 1350 1192 officiis
1377 1159 1574 1203 occupatior
1600 1158 1860 1203 impeditiorque
1887 1159 1972 1196 erat,

113 1218 183 1251 otio
215 1217 350 1252 minime
382 1218 585 1262 indulgebat
617 1219 902 1262 amplissimisque
939 1219 1123 1253 honoribus
1156 1220 1363 1253 abundabat.
1418 1219 1644 1260 Quamobrem
1675 1217 1843 1252 altissima
1873 1219 1970 1251 tran·

113 1277 268 1322 qualitas
295 1279 340 1312 ad
367 1278 474 1313 vitam
502 1279 596 1313 cmw's
624 1281 653 1313 et
680 1279 869 1322 amoribus
894 1290 1037 1313 vacuam
1064 1280 1244 1313 referenda
1271 1282 1332 1319 est,
1361 1288 1462 1322 quam
1490 1278 1674 1322 Verginius
1702 1287 1806 1313 senex
1834 1278 1985 1322 agebatzv

113 1348 189 1372 cum
204 1338 293 1372 enim
307 1348 439 1372 summa
453 1339 586 1381 imperii
601 1349 705 1381 penes
724 1339 885 1379 Nervam,
905 1340 1067 1382 optimum
1086 1340 1335 1383 imperatorem,
1359 1342 1459 1380 esset,
1487 1339 1579 1374 cives
1598 1339 1735 1374 tandem
1753 1337 1973 1382 aliquamdiu,

112 1409 155 1433 ne
183 1399 351 1433 servitute
381 1400 667 1442 opprimerentur,
696 1400 815 1433 timere
844 1400 1027 1433 desierunt.

268 1460 373 1494 Usus
402 1463 465 1494 est
492 1460 623 1494 Rufus
650 1459 770 1494 firma
798 1460 1049 1500 valetudine,
1082 1460 1160 1495 nisi
1194 1461 1295 1504 quod
1329 1460 1517 1495 solebant
1548 1460 1583 1494 ei
1615 1454 1753 1494 manus
1787 1463 1972 1499 tremere,

114 1520 221 1554 citra
249 1521 427 1555 dolorem
455 1524 588 1555 tamen
617 1518 669 1566 (id
698 1525 764 1554 est:
794 1521 886 1554 nullo
914 1522 1058 1560 dolore).

269 1582 485 1625 Praepositio
527 1582 616 1616 citra
653 1582 744 1624 apud
782 1582 987 1621 Saetonium,
1028 1581 1282 1623 Quintilianum,
1324 1581 1491 1621 Tacitum,
1532 1581 1679 1615 Plinium
1720 1580 1806 1614 alios
1833 1580 1974 1614 eaudem

114 1641 285 1675 notionem
313 1642 417 1675 habet
444 1652 545 1684 quani
573 1642 784 1684 praepositio
813 1641 885 1674 sine
913 1643 1003 1684 apud
1031 1642 1225 1675 Ciceronem
1253 1643 1511 1684 Caesaremque.

269 1701 418 1734 Aditus
447 1705 603 1735 tantum
637 1701 780 1734 mortis
813 1701 952 1734 durior
984 1701 1236 1744 longiorque,
1279 1701 1347 1735 sed
1378 1701 1443 1735 hic
1469 1700 1556 1744 ipse
1582 1700 1823 1735 laudabilis.
1877 1699 1975 1733 Nam

116 1771 198 1795 cum
227 1772 362 1795 vocem
390 1766 661 1804 praepararet
691 1766 776 1807 (non
796 1766 1025 1804 „repa1·a1·et“,
1054 1771 1141 1804 quae
1160 1762 1356 1795 coniectura
1374 1761 1580 1795 Dresdensis
1603 1761 1730 1794 codicis
1748 1760 1873 1794 futtilis
1892 1757 1974 1805 est3)

117 1824 283 1855 acturus
311 1821 350 1855 in
378 1822 597 1856 consulata
625 1822 802 1864 principi
831 1821 1006 1863 gratias,
1035 1821 1150 1861 liber,
1179 1831 1289 1864 quein
1317 1822 1424 1855 forte
1452 1824 1670 1863 acceperat
1700 1820 1975 1865 grandiorem,

117 1885 156 1914 et
183 1882 269 1915 seni
297 1885 336 1915 et
363 1882 491 1916 stanti
520 1883 607 1925 ipso
637 1882 814 1925 pondere
843 1882 1006 1924 elapsus
1034 1886 1104 1915 est.
1158 1883 1272 1916 Hunc
1290 1883 1378 1916 dum
1407 1882 1593 1925 sequitur
1620 1882 1878 1926 colligitque,
1906 1890 1976 1923 per

118 1942 206 1975 leve
237 1945 275 1975 et
309 1943 507 1976 lubricum
535 1943 809 1984 pavimentum
851 1942 1023 1976 fallente
1051 1943 1227 1985 vestigio
1260 1943 1409 1998 «ροίρἰ
1441 1952 1660 1986 coxamque
1692 1942 1832 1986 fregit,
1873 1951 1975 1985 quae

119 2012 257 2044 parum
285 2006 378 2046 apte
406 2003 625 2044 collocata,
653 2003 887 2038 reluctante
915 2006 1067 2042 aetate,
1095 2003 1194 2036 male
1223 2004 1337 2037 coiit.

274 2063 377 2097 Haud
404 2063 474 2098 scio
503 2074 547 2098 an
576 2064 690 2098 verbis
717 2074 850 2103 „vocem
871 2066 1114 2108 proepararet“
1142 2064 1224 2098 haec
1251 2064 1456 2105 significatio
1485 2063 1682 2097 subicienda
1709 2063 1768 2097 sit:

278 2123 501 2164 „Sollemnem
530 2127 565 2156 et
592 2127 715 2157 senatu
742 2126 847 2166 atque
880 2123 1033 2165 principe
1066 2123 1203 2166 dignam
1235 2124 1432 2163 orationem,
1465 2133 1534 2166 qua
1560 2123 1595 2156 in
1622 2123 1769 2157 ineundo
1797 2122 1977 2156 consulatu

118 2182 223 2215 tertio
251 2182 451 2225 imperatori
478 2183 611 2226 gratias
631 2187 761 2227 ageret.
790 2183 1033 2217 elaboraverat
1060 2186 1095 2217 et
1121 2183 1332 2218 elaboratam
1351 2183 1535 2218 meditatus
1562 2183 1744 2218 memoriae
1762 2182 1972 2218 mandavit.“

276 2243 415 2276 Librum
443 2244 595 2286 elapsum
623 2244 735 2277 Rufus
764 2245 843 2277 dum
870 2243 1026 2287 sequitur
1053 2243 1252 2287 colliqitqua
1280 2254 1342 2285 per
1367 2244 1442 2278 leve
1470 2244 1703 2286 pavimentum
1731 2243 1867 2276 cecidit:

275 2302 431 2335 Demisso
460 2313 600 2346 corpore
627 2304 750 2338 librum
779 2303 1031 2347 deprehendere
1054 2303 1192 2338 volebat
1220 2307 1254 2337 et
1280 2303 1314 2337 in
1343 2314 1382 2337 eo
1410 2307 1494 2345 erat,
1522 2307 1561 2338 ut
1587 2303 1623 2338 in
1650 2303 1846 2347 pavimento
1875 2302 1976 2346 repli-

118 2367 234 2405 caret3
261 2363 322 2397 sed
350 2372 545 2406 assurgenS,
573 2374 647 2397 cum
675 2365 810 2408 longius
838 2368 954 2398 aet-ate
982 2367 1073 2397 esset
1101 2368 1295 2405 provectus,
1327 2365 1530 2406 necopinato
1559 2365 1591 2398 in
1621 2365 1816 2406 pavimento
1845 2363 1976 2396 cecidit.

118 2425 242 2466 ltaque
269 2422 407 2456 lectioni
435 2422 593 2456 editionis
620 2423 783 2466 principis
819 2424 920 2466 „dum
949 2423 1191 2467 consequitur“
1228 2434 1294 2457 non
1323 2424 1542 2465 assentimur,
1574 2435 1653 2459 nam
1680 2434 1748 2458 non
1776 2424 1874 2458 simul
1903 2433 1978 2456 cum
